day;timestamp;product;bid_price_1;bid_volume_1;bid_price_2;bid_volume_2;bid_price_3;bid_volume_3;ask_price_1;ask_volume_1;ask_price_2;ask_volume_2;ask_price_3;ask_volume_3;mid_price;profit_and_loss
0;0;RAINFOREST_RESIN;9998;1;9995;30;;;10005;30;;;;;10001.5;0.0
0;0;KELP;2028;30;;;;;2032;30;;;;;2030.0;0.0
0;0;SQUID_INK;1968;30;;;;;1971;30;;;;;1969.5;0.0
0;100;SQUID_INK;1969;4;1967;31;;;1971;31;;;;;1970.0;0.0
0;100;KELP;2030;4;2028;31;;;2032;31;;;;;2031.0;0.0
0;100;RAINFOREST_RESIN;9996;1;9995;30;;;10002;6;10004;1;10005;30;9999.0;0.0
0;200;SQUID_INK;1966;1;1965;21;;;1969;22;;;;;1967.5;0.0
0;200;RAINFOREST_RESIN;9996;1;9995;21;;;10004;1;10005;21;;;10000.0;0.0
0;200;KELP;2029;1;2028;21;;;2032;22;;;;;2030.5;0.0
0;300;SQUID_INK;1965;25;;;;;1968;25;;;;;1966.5;0.0
0;300;KELP;2029;25;;;;;2032;25;;;;;2030.5;0.0
0;300;RAINFOREST_RESIN;9996;2;9995;23;;;9998;3;10004;2;10005;23;9997.0;0.0
0;400;RAINFOREST_RESIN;9998;5;9996;2;9995;23;10004;2;10005;23;;;10001.0;0.0
0;400;KELP;2029;2;2028;23;;;2030;6;2032;25;;;2029.5;0.0
0;400;SQUID_INK;1966;25;;;;;1968;6;1969;25;;;1967.0;0.0
0;500;SQUID_INK;1966;24;;;;;1970;24;;;;;1968.0;0.0
0;500;KELP;2028;24;;;;;2031;24;;;;;2029.5;0.0
0;500;RAINFOREST_RESIN;10002;1;9996;2;9995;22;10004;2;10005;22;;;10003.0;0.0
0;600;SQUID_INK;1965;26;;;;;1968;26;;;;;1966.5;0.0
0;600;RAINFOREST_RESIN;9996;2;9995;24;;;10002;9;10004;2;10005;24;9999.0;0.0
0;600;KELP;2028;26;;;;;2031;26;;;;;2029.5;0.0
0;700;SQUID_INK;1967;32;;;;;1970;27;;;;;1968.5;0.0
0;700;KELP;2029;5;2028;27;;;2032;27;;;;;2030.5;0.0
0;700;RAINFOREST_RESIN;9998;7;9995;27;;;10005;27;;;;;10001.5;0.0
0;800;RAINFOREST_RESIN;9995;26;;;;;10005;26;;;;;10000.0;0.0
0;800;KELP;2028;26;;;;;2032;26;;;;;2030.0;0.0
0;800;SQUID_INK;1967;26;;;;;1970;26;;;;;1968.5;0.0
0;900;SQUID_INK;1966;29;;;;;1970;29;;;;;1968.0;0.0
0;900;KELP;2029;29;;;;;2032;29;;;;;2030.5;0.0
0;900;RAINFOREST_RESIN;9996;2;9995;27;;;10004;2;10005;27;;;10000.0;0.0
0;1000;SQUID_INK;1967;28;;;;;1970;28;;;;;1968.5;0.0
0;1000;RAINFOREST_RESIN;9996;2;9995;26;;;10004;2;10005;26;;;10000.0;0.0
0;1000;KELP;2029;28;;;;;2032;28;;;;;2030.5;0.0
0;1100;SQUID_INK;1968;31;;;;;1971;25;;;;;1969.5;0.0
0;1100;KELP;2029;31;;;;;2032;25;;;;;2030.5;0.0
0;1100;RAINFOREST_RESIN;9996;2;9995;23;;;10004;2;10005;23;;;10000.0;0.0
0;1200;RAINFOREST_RESIN;9998;9;9996;2;9995;28;10004;2;10005;28;;;10001.0;0.0
0;1200;KELP;2030;8;2029;30;;;2033;30;;;;;2031.5;0.0
0;1200;SQUID_INK;1968;38;;;;;1971;30;;;;;1969.5;0.0
0;1300;SQUID_INK;1968;23;;;;;1971;28;;;;;1969.5;0.0
0;1300;KELP;2029;28;;;;;2030;5;2033;28;;;2029.5;0.0
0;1300;RAINFOREST_RESIN;9996;1;9995;27;;;10004;1;10005;27;;;10000.0;0.0
0;1400;SQUID_INK;1969;1;1968;24;;;1972;26;;;;;1970.5;0.0
0;1400;RAINFOREST_RESIN;9996;2;9995;24;;;10004;2;10005;24;;;10000.0;0.0
0;1400;KELP;2029;25;;;;;2033;26;;;;;2031.0;0.0
0;1500;SQUID_INK;1971;1;1969;22;;;1972;22;;;;;1971.5;0.0
0;1500;KELP;2032;1;2029;22;;;2033;22;;;;;2032.5;0.0
0;1500;RAINFOREST_RESIN;10002;1;9996;2;9995;20;10004;2;10005;20;;;10003.0;0.0
0;1600;RAINFOREST_RESIN;9996;1;9995;22;;;10004;1;10005;22;;;10000.0;0.0
0;1600;KELP;2029;23;;;;;2033;23;;;;;2031.0;0.0
0;1600;SQUID_INK;1970;23;;;;;1974;23;;;;;1972.0;0.0
0;1700;SQUID_INK;1970;27;;;;;1972;8;1973;27;;;1971.0;0.0
0;1700;KELP;2029;27;;;;;2031;8;2033;27;;;2030.0;0.0
0;1700;RAINFOREST_RESIN;9995;27;;;;;10005;27;;;;;10000.0;0.0
0;1800;SQUID_INK;1971;35;;;;;1974;27;;;;;1972.5;0.0
0;1800;RAINFOREST_RESIN;9996;2;9995;25;;;10004;2;10005;25;;;10000.0;0.0
0;1800;KELP;2030;8;2029;27;;;2033;27;;;;;2031.5;0.0
0;1900;SQUID_INK;1969;31;;;;;1972;31;;;;;1970.5;0.0
0;1900;KELP;2030;31;;;;;2033;31;;;;;2031.5;0.0
0;1900;RAINFOREST_RESIN;9996;2;9995;29;;;10004;2;10005;29;;;10000.0;0.0
0;2000;RAINFOREST_RESIN;9996;1;9995;25;;;10002;7;10004;1;10005;25;9999.0;0.0
0;2000;KELP;2030;19;;;;;2033;26;;;;;2031.5;0.0
0;2000;SQUID_INK;1972;19;;;;;1975;26;;;;;1973.5;0.0
0;2100;KELP;2030;23;;;;;2034;23;;;;;2032.0;0.0
0;2100;SQUID_INK;1971;23;;;;;1974;23;;;;;1972.5;0.0
0;2100;RAINFOREST_RESIN;9995;23;;;;;10005;23;;;;;10000.0;0.0
0;2200;KELP;2030;32;;;;;2034;32;;;;;2032.0;0.0
0;2200;SQUID_INK;1972;2;1971;30;;;1975;32;;;;;1973.5;0.0
0;2200;RAINFOREST_RESIN;9996;2;9995;30;;;10004;2;10005;30;;;10000.0;0.0
0;2300;SQUID_INK;1971;24;;;;;1975;24;;;;;1973.0;0.0
0;2300;RAINFOREST_RESIN;9996;2;9995;22;;;10004;2;10005;22;;;10000.0;0.0
0;2300;KELP;2030;24;;;;;2033;24;;;;;2031.5;0.0
0;2400;RAINFOREST_RESIN;9998;4;9996;2;9995;23;10004;2;10005;23;;;10001.0;0.0
0;2400;KELP;2032;10;2030;25;;;2033;25;;;;;2032.5;0.0
0;2400;SQUID_INK;1975;10;1973;25;;;1976;25;;;;;1975.5;0.0
0;2500;KELP;2030;21;;;;;2033;1;2034;20;;;2031.5;0.0
0;2500;SQUID_INK;1973;1;1972;20;;;1976;21;;;;;1974.5;0.0
0;2500;RAINFOREST_RESIN;9996;1;9995;20;;;10004;1;10005;20;;;10000.0;0.0
0;2600;KELP;2030;25;;;;;2034;25;;;;;2032.0;0.0
0;2600;SQUID_INK;1972;25;;;;;1976;25;;;;;1974.0;0.0
0;2600;RAINFOREST_RESIN;9995;25;;;;;10005;25;;;;;10000.0;0.0
0;2700;SQUID_INK;1972;25;;;;;1974;3;1975;25;;;1973.0;0.0
0;2700;RAINFOREST_RESIN;9998;4;9996;1;9995;24;10004;1;10005;24;;;10001.0;0.0
0;2700;KELP;2030;25;;;;;2032;3;2033;1;2034;24;2031.0;0.0
0;2800;RAINFOREST_RESIN;9998;5;9995;29;;;10005;29;;;;;10001.5;0.0
0;2800;KELP;2033;1;2030;29;;;2034;29;;;;;2033.5;0.0
0;2800;SQUID_INK;1973;1;1971;29;;;1975;29;;;;;1974.0;0.0
0;2900;KELP;2030;25;;;;;2034;25;;;;;2032.0;0.0
0;2900;SQUID_INK;1972;2;1971;23;;;1975;25;;;;;1973.5;0.0
0;2900;RAINFOREST_RESIN;10002;10;9996;2;9995;23;10004;2;10005;23;;;10003.0;0.0
0;3000;KELP;2030;31;;;;;2034;31;;;;;2032.0;0.0
0;3000;SQUID_INK;1972;31;;;;;1975;31;;;;;1973.5;0.0
0;3000;RAINFOREST_RESIN;9996;2;9995;29;;;10004;2;10005;29;;;10000.0;0.0
0;3100;SQUID_INK;1971;28;;;;;1972;1;1975;28;;;1971.5;0.0
0;3100;RAINFOREST_RESIN;9996;2;9995;26;;;10004;2;10005;26;;;10000.0;0.0
0;3100;KELP;2031;27;;;;;2034;28;;;;;2032.5;0.0
0;3200;RAINFOREST_RESIN;9996;2;9995;30;;;10002;6;10004;2;10005;30;9999.0;0.0
0;3200;KELP;2031;2;2030;30;;;2034;32;;;;;2032.5;0.0
0;3200;SQUID_INK;1971;32;;;;;1975;32;;;;;1973.0;0.0
0;3300;KELP;2031;28;;;;;2034;28;;;;;2032.5;0.0
0;3300;SQUID_INK;1971;28;;;;;1975;28;;;;;1973.0;0.0
0;3300;RAINFOREST_RESIN;9996;2;9995;26;;;10004;2;10005;26;;;10000.0;0.0
0;3400;KELP;2030;29;;;;;2034;29;;;;;2032.0;0.0
0;3400;SQUID_INK;1971;29;;;;;1974;29;;;;;1972.5;0.0
0;3400;RAINFOREST_RESIN;9996;2;9995;27;;;10004;2;10005;27;;;10000.0;0.0
0;3500;SQUID_INK;1971;30;;;;;1974;2;1975;28;;;1972.5;0.0
0;3500;RAINFOREST_RESIN;9996;2;9995;28;;;10002;9;10004;2;10005;28;9999.0;0.0
0;3500;KELP;2031;30;;;;;2034;30;;;;;2032.5;0.0
0;3600;RAINFOREST_RESIN;9995;21;;;;;9998;1;10005;21;;;9996.5;0.0
0;3600;KELP;2031;23;;;;;2034;21;;;;;2032.5;0.0
0;3600;SQUID_INK;1971;23;;;;;1974;21;;;;;1972.5;0.0
0;3700;KELP;2031;2;2030;29;;;2032;4;2034;31;;;2031.5;0.0
0;3700;RAINFOREST_RESIN;9996;2;9995;29;;;10000;5;10002;7;10004;2;9998.0;0.0
0;3700;SQUID_INK;1971;31;;;;;1972;4;1974;31;;;1971.5;0.0
0;3800;KELP;2030;30;;;;;2032;2;2033;30;;;2031.0;0.0
0;3800;SQUID_INK;1971;30;;;;;1973;2;1974;30;;;1972.0;0.0
0;3800;RAINFOREST_RESIN;10002;1;9996;1;9995;29;10004;1;10005;29;;;10003.0;0.0
0;3900;RAINFOREST_RESIN;9998;1;9995;25;;;10005;25;;;;;10001.5;0.0
0;3900;SQUID_INK;1970;25;;;;;1973;25;;;;;1971.5;0.0
0;3900;KELP;2030;25;;;;;2033;25;;;;;2031.5;0.0
0;4000;RAINFOREST_RESIN;10002;9;9996;2;9995;27;10004;2;10005;27;;;10003.0;0.0
0;4000;KELP;2030;34;;;;;2033;29;;;;;2031.5;0.0
0;4000;SQUID_INK;1970;34;;;;;1973;29;;;;;1971.5;0.0
0;4100;KELP;2030;31;;;;;2033;24;;;;;2031.5;0.0
0;4100;RAINFOREST_RESIN;9996;1;9995;23;;;10004;1;10005;23;;;10000.0;0.0
0;4100;SQUID_INK;1973;8;1972;23;;;1976;24;;;;;1974.5;0.0
0;4200;SQUID_INK;1971;31;;;;;1974;28;;;;;1972.5;0.0
0;4200;KELP;2030;31;;;;;2033;28;;;;;2031.5;0.0
0;4200;RAINFOREST_RESIN;9996;2;9995;26;;;10004;2;10005;26;;;10000.0;0.0
0;4300;RAINFOREST_RESIN;9996;2;9995;29;;;10004;2;10005;29;;;10000.0;0.0
0;4300;SQUID_INK;1970;31;;;;;1973;31;;;;;1971.5;0.0
0;4300;KELP;2030;31;;;;;2033;31;;;;;2031.5;0.0
0;4400;RAINFOREST_RESIN;9996;1;9995;26;;;9998;1;10004;1;10005;26;9997.0;0.0
0;4400;SQUID_INK;1971;7;1970;27;;;1974;27;;;;;1972.5;0.0
0;4400;KELP;2030;34;;;;;2033;27;;;;;2031.5;0.0
0;4500;KELP;2030;5;2029;27;;;2033;27;;;;;2031.5;0.0
0;4500;RAINFOREST_RESIN;9995;27;;;;;10005;27;;;;;10000.0;0.0
0;4500;SQUID_INK;1972;5;1971;27;;;1975;27;;;;;1973.5;0.0
0;4600;SQUID_INK;1970;22;;;;;1973;1;1974;21;;;1971.5;0.0
0;4600;KELP;2029;22;;;;;2032;1;2033;21;;;2030.5;0.0
0;4600;RAINFOREST_RESIN;9996;1;9995;21;;;10004;1;10005;21;;;10000.0;0.0
0;4700;RAINFOREST_RESIN;9998;4;9996;1;9995;26;10004;1;10005;26;;;10001.0;0.0
0;4700;SQUID_INK;1970;27;;;;;1972;1;1974;27;;;1971.0;0.0
0;4700;KELP;2029;27;;;;;2031;1;2032;27;;;2030.0;0.0
0;4800;RAINFOREST_RESIN;10002;3;9996;1;9995;24;10004;1;10005;24;;;10003.0;0.0
0;4800;SQUID_INK;1971;25;;;;;1973;3;1974;25;;;1972.0;0.0
0;4800;KELP;2029;25;;;;;2031;3;2032;25;;;2030.0;0.0
0;4900;KELP;2029;22;;;;;2032;22;;;;;2030.5;0.0
0;4900;RAINFOREST_RESIN;9995;22;;;;;9998;4;10005;22;;;9996.5;0.0
0;4900;SQUID_INK;1972;22;;;;;1975;22;;;;;1973.5;0.0
0;5000;SQUID_INK;1972;1;1971;22;;;1973;1;1975;23;;;1972.5;0.0
0;5000;KELP;2029;1;2028;22;;;2030;1;2032;23;;;2029.5;0.0
0;5000;RAINFOREST_RESIN;9998;3;9996;1;9995;22;10004;1;10005;22;;;10001.0;0.0
0;5100;RAINFOREST_RESIN;10002;1;9998;9;9995;25;10005;25;;;;;10003.5;0.0
0;5100;SQUID_INK;1973;1;1971;25;;;1974;25;;;;;1973.5;0.0
0;5100;KELP;2031;1;2028;25;;;2032;25;;;;;2031.5;0.0
0;5200;RAINFOREST_RESIN;9996;2;9995;22;;;10004;2;10005;22;;;10000.0;0.0
0;5200;SQUID_INK;1971;24;;;;;1975;24;;;;;1973.0;0.0
0;5200;KELP;2029;2;2028;22;;;2032;24;;;;;2030.5;0.0
0;5300;KELP;2029;25;;;;;2032;25;;;;;2030.5;0.0
0;5300;RAINFOREST_RESIN;9995;25;;;;;10005;25;;;;;10000.0;0.0
0;5300;SQUID_INK;1971;25;;;;;1974;25;;;;;1972.5;0.0
0;5400;SQUID_INK;1972;27;;;;;1973;6;1975;27;;;1972.5;0.0
0;5400;KELP;2029;27;;;;;2030;6;2032;27;;;2029.5;0.0
0;5400;RAINFOREST_RESIN;9995;27;;;;;10000;6;10002;8;10005;27;9997.5;0.0
0;5500;RAINFOREST_RESIN;9996;1;9995;29;;;10004;1;10005;29;;;10000.0;0.0
0;5500;SQUID_INK;1972;36;;;;;1975;30;;;;;1973.5;0.0
0;5500;KELP;2029;36;;;;;2032;30;;;;;2030.5;0.0
0;5600;RAINFOREST_RESIN;10002;1;9998;8;9996;1;10004;1;10005;26;;;10003.0;0.0
0;5600;SQUID_INK;1974;2;1973;27;;;1976;27;;;;;1975.0;0.0
0;5600;KELP;2031;2;2029;27;;;2032;1;2033;26;;;2031.5;0.0
0;5700;KELP;2029;25;;;;;2031;5;2033;25;;;2030.0;0.0
0;5700;RAINFOREST_RESIN;9998;4;9996;2;9995;23;10004;2;10005;23;;;10001.0;0.0
0;5700;SQUID_INK;1972;25;;;;;1974;5;1976;25;;;1973.0;0.0
0;5800;SQUID_INK;1974;1;1972;24;;;1975;24;;;;;1974.5;0.0
0;5800;KELP;2031;1;2029;24;;;2033;24;;;;;2032.0;0.0
0;5800;RAINFOREST_RESIN;10002;1;9998;10;9995;24;10005;24;;;;;10003.5;0.0
0;5900;RAINFOREST_RESIN;10000;5;9996;1;9995;20;10004;1;10005;20;;;10002.0;0.0
0;5900;SQUID_INK;1973;5;1972;25;;;1975;21;;;;;1974.0;0.0
0;5900;KELP;2030;9;2029;21;;;2033;21;;;;;2031.5;0.0
0;6000;RAINFOREST_RESIN;9996;2;9995;22;;;9998;4;10004;2;10005;22;9997.0;0.0
0;6000;SQUID_INK;1972;24;;;;;1976;24;;;;;1974.0;0.0
0;6000;KELP;2029;24;;;;;2032;2;2033;22;;;2030.5;0.0
0;6100;KELP;2029;25;;;;;2030;5;2033;25;;;2029.5;0.0
0;6100;RAINFOREST_RESIN;9996;1;9995;24;;;10000;5;10002;2;10004;1;9998.0;0.0
0;6100;SQUID_INK;1971;25;;;;;1972;5;1975;25;;;1971.5;0.0
0;6200;SQUID_INK;1973;30;;;;;1976;30;;;;;1974.5;0.0
0;6200;KELP;2029;30;;;;;2033;30;;;;;2031.0;0.0
0;6200;RAINFOREST_RESIN;9996;1;9995;29;;;10004;1;10005;29;;;10000.0;0.0
0;6300;RAINFOREST_RESIN;9995;25;;;;;10005;25;;;;;10000.0;0.0
0;6300;SQUID_INK;1973;24;;;;;1976;25;;;;;1974.5;0.0
0;6300;KELP;2029;24;;;;;2033;25;;;;;2031.0;0.0
0;6400;RAINFOREST_RESIN;10000;4;9995;23;;;10005;23;;;;;10002.5;0.0
0;6400;SQUID_INK;1975;4;1973;23;;;1977;23;;;;;1976.0;0.0
0;6400;KELP;2030;4;2029;23;;;2032;23;;;;;2031.0;0.0
0;6500;KELP;2031;3;2029;20;;;2032;20;;;;;2031.5;0.0
0;6500;RAINFOREST_RESIN;9995;20;;;;;10005;20;;;;;10000.0;0.0
0;6500;SQUID_INK;1974;3;1972;20;;;1975;20;;;;;1974.5;0.0
0;6600;SQUID_INK;1974;27;;;;;1977;27;;;;;1975.5;0.0
0;6600;KELP;2029;27;;;;;2032;27;;;;;2030.5;0.0
0;6600;RAINFOREST_RESIN;9996;1;9995;26;;;10004;1;10005;26;;;10000.0;0.0
0;6700;RAINFOREST_RESIN;10002;4;9996;2;9995;26;10004;2;10005;26;;;10003.0;0.0
0;6700;SQUID_INK;1973;33;;;;;1976;28;;;;;1974.5;0.0
0;6700;KELP;2029;33;;;;;2032;28;;;;;2030.5;0.0
0;6800;RAINFOREST_RESIN;9998;1;9996;1;9995;23;10004;1;10005;23;;;10001.0;0.0
0;6800;SQUID_INK;1975;1;1974;23;;;1978;24;;;;;1976.5;0.0
0;6800;KELP;2029;24;;;;;2033;24;;;;;2031.0;0.0
0;6900;KELP;2030;28;;;;;2032;4;2033;28;;;2031.0;0.0
0;6900;RAINFOREST_RESIN;9995;28;;;;;10005;28;;;;;10000.0;0.0
0;6900;SQUID_INK;1973;28;;;;;1975;4;1976;28;;;1974.0;0.0
0;7000;SQUID_INK;1974;6;1973;29;;;1976;29;;;;;1975.0;0.0
0;7000;KELP;2031;6;2030;29;;;2033;29;;;;;2032.0;0.0
0;7000;RAINFOREST_RESIN;10000;6;9998;7;9996;2;10004;2;10005;27;;;10002.0;0.0
0;7100;RAINFOREST_RESIN;9996;1;9995;29;;;10004;1;10005;29;;;10000.0;0.0
0;7100;SQUID_INK;1975;30;;;;;1978;30;;;;;1976.5;0.0
0;7100;KELP;2030;30;;;;;2033;30;;;;;2031.5;0.0
0;7200;RAINFOREST_RESIN;9996;2;9995;21;;;10004;2;10005;21;;;10000.0;0.0
0;7200;SQUID_INK;1976;23;;;;;1979;23;;;;;1977.5;0.0
0;7200;KELP;2030;23;;;;;2033;23;;;;;2031.5;0.0
0;7300;KELP;2030;25;;;;;2033;25;;;;;2031.5;0.0
0;7300;RAINFOREST_RESIN;9996;2;9995;23;;;10002;4;10004;2;10005;23;9999.0;0.0
0;7300;SQUID_INK;1975;25;;;;;1978;25;;;;;1976.5;0.0
0;7400;SQUID_INK;1975;30;;;;;1977;6;1978;30;;;1976.0;0.0
0;7400;KELP;2030;30;;;;;2032;6;2033;30;;;2031.0;0.0
0;7400;RAINFOREST_RESIN;10002;1;9996;2;9995;28;10004;2;10005;28;;;10003.0;0.0
0;7500;RAINFOREST_RESIN;9995;29;;;;;10005;29;;;;;10000.0;0.0
0;7500;SQUID_INK;1974;29;;;;;1977;29;;;;;1975.5;0.0
0;7500;KELP;2030;29;;;;;2033;29;;;;;2031.5;0.0
0;7600;RAINFOREST_RESIN;9996;2;9995;24;;;10004;2;10005;24;;;10000.0;0.0
0;7600;SQUID_INK;1974;2;1973;24;;;1977;26;;;;;1975.5;0.0
0;7600;KELP;2030;26;;;;;2033;26;;;;;2031.5;0.0
0;7700;KELP;2030;28;;;;;2032;5;2033;28;;;2031.0;0.0
0;7700;RAINFOREST_RESIN;9995;28;;;;;10005;28;;;;;10000.0;0.0
0;7700;SQUID_INK;1974;28;;;;;1976;5;1977;28;;;1975.0;0.0
0;7800;SQUID_INK;1976;1;1974;1;1973;22;1977;23;;;;;1976.5;0.0
0;7800;KELP;2032;1;2030;23;;;2033;23;;;;;2032.5;0.0
0;7800;RAINFOREST_RESIN;9996;1;9995;22;;;10004;1;10005;22;;;10000.0;0.0
0;7900;RAINFOREST_RESIN;9996;1;9995;25;;;10002;4;10004;1;10005;25;9999.0;0.0
0;7900;SQUID_INK;1974;1;1972;26;;;1975;1;1976;25;;;1974.5;0.0
0;7900;KELP;2032;1;2030;26;;;2033;26;;;;;2032.5;0.0
0;8000;RAINFOREST_RESIN;9996;1;9995;22;;;10004;1;10005;22;;;10000.0;0.0
0;8000;SQUID_INK;1974;5;1973;23;;;1976;23;;;;;1975.0;0.0
0;8000;KELP;2030;6;2029;22;;;2033;23;;;;;2031.5;0.0
0;8100;KELP;2030;5;2029;22;;;2033;22;;;;;2031.5;0.0
0;8100;RAINFOREST_RESIN;9995;22;;;;;10005;22;;;;;10000.0;0.0
0;8100;SQUID_INK;1973;27;;;;;1976;22;;;;;1974.5;0.0
0;8200;RAINFOREST_RESIN;9995;20;;;;;9998;1;10002;2;10005;20;9996.5;0.0
0;8200;SQUID_INK;1975;20;;;;;1977;8;1979;20;;;1976.0;0.0
0;8200;KELP;2030;20;;;;;2032;8;2033;20;;;2031.0;0.0
0;8300;SQUID_INK;1977;27;;;;;1980;27;;;;;1978.5;0.0
0;8300;KELP;2030;27;;;;;2033;27;;;;;2031.5;0.0
0;8300;RAINFOREST_RESIN;10002;1;9998;6;9996;1;10004;1;10005;26;;;10003.0;0.0
0;8400;RAINFOREST_RESIN;9995;26;;;;;10005;26;;;;;10000.0;0.0
0;8400;SQUID_INK;1977;8;1976;26;;;1980;26;;;;;1978.5;0.0
0;8400;KELP;2030;34;;;;;2033;26;;;;;2031.5;0.0
0;8500;KELP;2030;30;;;;;2033;30;;;;;2031.5;0.0
0;8500;RAINFOREST_RESIN;9995;30;;;;;10005;30;;;;;10000.0;0.0
0;8500;SQUID_INK;1975;30;;;;;1978;30;;;;;1976.5;0.0
0;8600;RAINFOREST_RESIN;9996;1;9995;22;;;10004;1;10005;22;;;10000.0;0.0
0;8600;KELP;2030;23;;;;;2032;4;2033;23;;;2031.0;0.0
0;8600;SQUID_INK;1976;23;;;;;1978;4;1979;23;;;1977.0;0.0
0;8700;SQUID_INK;1978;30;;;;;1980;6;1981;30;;;1979.0;0.0
0;8700;KELP;2030;30;;;;;2032;6;2033;30;;;2031.0;0.0
0;8700;RAINFOREST_RESIN;9996;1;9995;29;;;10004;1;10005;29;;;10000.0;0.0
0;8800;SQUID_INK;1979;24;;;;;1982;23;;;;;1980.5;0.0
0;8800;RAINFOREST_RESIN;9995;23;;;;;9998;12;10005;23;;;9996.5;0.0
0;8800;KELP;2030;24;;;;;2033;23;;;;;2031.5;0.0
0;8900;SQUID_INK;1979;27;;;;;1982;27;;;;;1980.5;0.0
0;8900;KELP;2030;27;;;;;2033;27;;;;;2031.5;0.0
0;8900;RAINFOREST_RESIN;10002;5;9996;1;9995;26;10004;1;10005;26;;;10003.0;0.0
0;9000;RAINFOREST_RESIN;9995;23;;;;;10002;7;10005;23;;;9998.5;0.0
0;9000;KELP;2030;23;;;;;2033;23;;;;;2031.5;0.0
0;9000;SQUID_INK;1979;23;;;;;1983;23;;;;;1981.0;0.0
0;9100;SQUID_INK;1979;31;;;;;1982;31;;;;;1980.5;0.0
0;9100;KELP;2030;31;;;;;2033;31;;;;;2031.5;0.0
0;9100;RAINFOREST_RESIN;9996;1;9995;30;;;10004;1;10005;30;;;10000.0;0.0
0;9200;SQUID_INK;1980;24;;;;;1982;7;1983;24;;;1981.0;0.0
0;9200;RAINFOREST_RESIN;9995;24;;;;;10002;3;10005;24;;;9998.5;0.0
0;9200;KELP;2030;24;;;;;2032;7;2033;24;;;2031.0;0.0
0;9300;SQUID_INK;1981;4;1980;5;1979;23;1983;23;;;;;1982.0;0.0
0;9300;KELP;2032;4;2030;28;;;2033;23;;;;;2032.5;0.0
0;9300;RAINFOREST_RESIN;9995;23;;;;;10005;23;;;;;10000.0;0.0
0;9400;RAINFOREST_RESIN;9996;2;9995;22;;;10004;2;10005;22;;;10000.0;0.0
0;9400;KELP;2030;24;;;;;2033;24;;;;;2031.5;0.0
0;9400;SQUID_INK;1980;24;;;;;1984;24;;;;;1982.0;0.0
0;9500;SQUID_INK;1981;29;;;;;1983;4;1985;29;;;1982.0;0.0
0;9500;KELP;2030;29;;;;;2032;4;2033;29;;;2031.0;0.0
0;9500;RAINFOREST_RESIN;9998;9;9996;1;9995;28;10004;1;10005;28;;;10001.0;0.0
0;9600;SQUID_INK;1981;20;;;;;1982;6;1985;20;;;1981.5;0.0
0;9600;RAINFOREST_RESIN;9995;20;;;;;10005;20;;;;;10000.0;0.0
0;9600;KELP;2030;14;;;;;2033;20;;;;;2031.5;0.0
0;9700;SQUID_INK;1980;25;;;;;1984;25;;;;;1982.0;0.0
0;9700;KELP;2029;25;;;;;2033;25;;;;;2031.0;0.0
0;9700;RAINFOREST_RESIN;9998;3;9995;25;;;10005;25;;;;;10001.5;0.0
0;9800;RAINFOREST_RESIN;9995;21;;;;;10002;5;10005;21;;;9998.5;0.0
0;9800;KELP;2030;21;;;;;2033;21;;;;;2031.5;0.0
0;9800;SQUID_INK;1981;21;;;;;1984;21;;;;;1982.5;0.0
0;9900;SQUID_INK;1981;22;;;;;1984;22;;;;;1982.5;0.0
0;9900;KELP;2030;22;;;;;2033;22;;;;;2031.5;0.0
0;9900;RAINFOREST_RESIN;9995;22;;;;;10005;22;;;;;10000.0;0.0
0;10000;SQUID_INK;1981;31;;;;;1985;31;;;;;1983.0;0.0
0;10000;RAINFOREST_RESIN;9998;8;9996;2;9995;29;10004;2;10005;29;;;10001.0;0.0
0;10000;KELP;2030;31;;;;;2033;31;;;;;2031.5;0.0
0;10100;SQUID_INK;1984;4;1982;22;;;1986;22;;;;;1985.0;0.0
0;10100;KELP;2032;4;2030;22;;;2033;22;;;;;2032.5;0.0
0;10100;RAINFOREST_RESIN;9995;22;;;;;10005;22;;;;;10000.0;0.0
0;10200;RAINFOREST_RESIN;9996;2;9995;23;;;10004;2;10005;23;;;10000.0;0.0
0;10200;KELP;2030;25;;;;;2033;25;;;;;2031.5;0.0
0;10200;SQUID_INK;1981;25;;;;;1984;25;;;;;1982.5;0.0
0;10300;SQUID_INK;1982;2;1981;20;;;1985;22;;;;;1983.5;0.0
0;10300;KELP;2030;22;;;;;2033;22;;;;;2031.5;0.0
0;10300;RAINFOREST_RESIN;9996;2;9995;20;;;10004;2;10005;20;;;10000.0;0.0
0;10400;SQUID_INK;1982;30;;;;;1984;5;1986;30;;;1983.0;0.0
0;10400;RAINFOREST_RESIN;9995;30;;;;;10005;30;;;;;10000.0;0.0
0;10400;KELP;2030;30;;;;;2032;5;2033;30;;;2031.0;0.0
0;10500;SQUID_INK;1982;1;1981;27;;;1985;28;;;;;1983.5;0.0
0;10500;KELP;2030;28;;;;;2033;28;;;;;2031.5;0.0
0;10500;RAINFOREST_RESIN;9998;4;9996;1;9995;27;10004;1;10005;27;;;10001.0;0.0
0;10600;RAINFOREST_RESIN;9995;23;;;;;9998;2;10002;6;10005;23;9996.5;0.0
0;10600;KELP;2030;23;;;;;2032;3;2033;23;;;2031.0;0.0
0;10600;SQUID_INK;1981;23;;;;;1983;3;1985;23;;;1982.0;0.0
0;10700;SQUID_INK;1981;23;;;;;1984;23;;;;;1982.5;0.0
0;10700;KELP;2029;23;;;;;2033;23;;;;;2031.0;0.0
0;10700;RAINFOREST_RESIN;9998;1;9995;23;;;10005;23;;;;;10001.5;0.0
0;10800;SQUID_INK;1980;23;;;;;1981;1;1984;23;;;1980.5;0.0
0;10800;RAINFOREST_RESIN;10002;1;9998;4;9995;23;10005;23;;;;;10003.5;0.0
0;10800;KELP;2029;22;;;;;2033;23;;;;;2031.0;0.0
0;10900;SQUID_INK;1980;30;;;;;1983;30;;;;;1981.5;0.0
0;10900;RAINFOREST_RESIN;9996;1;9995;29;;;10004;1;10005;29;;;10000.0;0.0
0;10900;KELP;2029;30;;;;;2033;30;;;;;2031.0;0.0
0;11000;RAINFOREST_RESIN;9996;1;9995;29;;;10004;1;10005;29;;;10000.0;0.0
0;11000;KELP;2029;30;;;;;2032;1;2033;29;;;2030.5;0.0
0;11000;SQUID_INK;1980;30;;;;;1983;30;;;;;1981.5;0.0
0;11100;KELP;2029;31;;;;;2033;31;;;;;2031.0;0.0
0;11100;SQUID_INK;1979;2;1978;29;;;1982;31;;;;;1980.5;0.0
0;11100;RAINFOREST_RESIN;9996;2;9995;29;;;10002;4;10004;2;10005;29;9999.0;0.0
0;11200;KELP;2029;29;;;;;2032;1;2033;28;;;2030.5;0.0
0;11200;SQUID_INK;1980;29;;;;;1983;29;;;;;1981.5;0.0
0;11200;RAINFOREST_RESIN;10002;1;9996;1;9995;28;10004;1;10005;28;;;10003.0;0.0
0;11300;SQUID_INK;1980;27;;;;;1983;27;;;;;1981.5;0.0
0;11300;RAINFOREST_RESIN;9996;1;9995;26;;;10004;1;10005;26;;;10000.0;0.0
0;11300;KELP;2029;27;;;;;2033;27;;;;;2031.0;0.0
0;11400;RAINFOREST_RESIN;9998;2;9996;1;9995;23;10004;1;10005;23;;;10001.0;0.0
0;11400;KELP;2029;24;;;;;2033;24;;;;;2031.0;0.0
0;11400;SQUID_INK;1981;24;;;;;1984;24;;;;;1982.5;0.0
0;11500;KELP;2030;7;2029;29;;;2033;29;;;;;2031.5;0.0
0;11500;SQUID_INK;1981;7;1980;29;;;1983;1;1984;28;;;1982.0;0.0
0;11500;RAINFOREST_RESIN;9998;1;9996;1;9995;28;10004;1;10005;28;;;10001.0;0.0
0;11600;KELP;2029;26;;;;;2031;6;2033;26;;;2030.0;0.0
0;11600;SQUID_INK;1981;26;;;;;1983;6;1985;26;;;1982.0;0.0
0;11600;RAINFOREST_RESIN;9995;26;;;;;10005;26;;;;;10000.0;0.0
0;11700;SQUID_INK;1981;22;;;;;1984;22;;;;;1982.5;0.0
0;11700;RAINFOREST_RESIN;9996;1;9995;21;;;10004;1;10005;21;;;10000.0;0.0
0;11700;KELP;2029;22;;;;;2033;22;;;;;2031.0;0.0
0;11800;RAINFOREST_RESIN;9995;21;;;;;10005;21;;;;;10000.0;0.0
0;11800;KELP;2029;21;;;;;2033;21;;;;;2031.0;0.0
0;11800;SQUID_INK;1979;21;;;;;1982;21;;;;;1980.5;0.0
0;11900;KELP;2029;25;;;;;2033;25;;;;;2031.0;0.0
0;11900;SQUID_INK;1978;25;;;;;1981;25;;;;;1979.5;0.0
0;11900;RAINFOREST_RESIN;9995;25;;;;;10005;25;;;;;10000.0;0.0
0;12000;KELP;2030;25;;;;;2033;25;;;;;2031.5;0.0
0;12000;SQUID_INK;1978;25;;;;;1982;25;;;;;1980.0;0.0
0;12000;RAINFOREST_RESIN;9995;25;;;;;10005;25;;;;;10000.0;0.0
0;12100;SQUID_INK;1979;22;;;;;1982;22;;;;;1980.5;0.0
0;12100;RAINFOREST_RESIN;9996;2;9995;20;;;10002;3;10004;2;10005;20;9999.0;0.0
0;12100;KELP;2030;2;2029;20;;;2033;22;;;;;2031.5;0.0
0;12200;RAINFOREST_RESIN;9998;10;9996;2;9995;26;10004;2;10005;26;;;10001.0;0.0
0;12200;KELP;2029;28;;;;;2033;28;;;;;2031.0;0.0
0;12200;SQUID_INK;1978;28;;;;;1981;28;;;;;1979.5;0.0
0;12300;KELP;2030;28;;;;;2031;6;2033;24;;;2030.5;0.0
0;12300;SQUID_INK;1977;28;;;;;1978;6;1980;24;;;1977.5;0.0
0;12300;RAINFOREST_RESIN;9996;1;9995;23;;;10000;5;10004;1;10005;23;9998.0;0.0
0;12400;KELP;2030;30;;;;;2033;30;;;;;2031.5;0.0
0;12400;SQUID_INK;1976;30;;;;;1979;30;;;;;1977.5;0.0
0;12400;RAINFOREST_RESIN;9996;1;9995;29;;;10004;1;10005;29;;;10000.0;0.0
0;12500;SQUID_INK;1975;31;;;;;1977;8;1978;31;;;1976.0;0.0
0;12500;RAINFOREST_RESIN;10002;5;9996;2;9995;29;10004;2;10005;29;;;10003.0;0.0
0;12500;KELP;2030;31;;;;;2032;8;2033;31;;;2031.0;0.0
0;12600;RAINFOREST_RESIN;9998;5;9996;1;9995;30;10004;1;10005;30;;;10001.0;0.0
0;12600;KELP;2030;31;;;;;2033;31;;;;;2031.5;0.0
0;12600;SQUID_INK;1974;1;1973;30;;;1977;31;;;;;1975.5;0.0
0;12700;KELP;2030;31;;;;;2033;31;;;;;2031.5;0.0
0;12700;RAINFOREST_RESIN;9996;2;9995;29;;;10004;2;10005;29;;;10000.0;0.0
0;12700;SQUID_INK;1972;31;;;;;1975;2;1976;29;;;1973.5;0.0
0;12800;KELP;2030;31;;;;;2032;3;2033;31;;;2031.0;0.0
0;12800;SQUID_INK;1974;1;1973;30;;;1975;3;1977;31;;;1974.5;0.0
0;12800;RAINFOREST_RESIN;9996;1;9995;30;;;10002;3;10004;1;10005;30;9999.0;0.0
0;12900;RAINFOREST_RESIN;9995;24;;;;;10005;24;;;;;10000.0;0.0
0;12900;SQUID_INK;1971;24;;;;;1973;4;1974;24;;;1972.0;0.0
0;12900;KELP;2030;24;;;;;2032;4;2033;24;;;2031.0;0.0
0;13000;RAINFOREST_RESIN;9995;27;;;;;10005;27;;;;;10000.0;0.0
0;13000;SQUID_INK;1972;27;;;;;1975;27;;;;;1973.5;0.0
0;13000;KELP;2029;27;;;;;2033;27;;;;;2031.0;0.0
0;13100;KELP;2031;2;2030;7;2029;30;2032;2;2033;28;;;2031.5;0.0
0;13100;RAINFOREST_RESIN;9996;2;9995;28;;;10004;2;10005;28;;;10000.0;0.0
0;13100;SQUID_INK;1975;2;1974;37;;;1977;30;;;;;1976.0;0.0
0;13200;SQUID_INK;1973;28;;;;;1975;3;1977;28;;;1974.0;0.0
0;13200;KELP;2030;28;;;;;2032;3;2033;28;;;2031.0;0.0
0;13200;RAINFOREST_RESIN;9995;28;;;;;10005;28;;;;;10000.0;0.0
0;13300;RAINFOREST_RESIN;9996;2;9995;26;;;10004;2;10005;26;;;10000.0;0.0
0;13300;SQUID_INK;1972;28;;;;;1974;6;1976;28;;;1973.0;0.0
0;13300;KELP;2030;28;;;;;2032;6;2033;28;;;2031.0;0.0
0;13400;RAINFOREST_RESIN;10002;1;9996;1;9995;25;10004;1;10005;25;;;10003.0;0.0
0;13400;SQUID_INK;1974;8;1973;26;;;1977;26;;;;;1975.5;0.0
0;13400;KELP;2030;34;;;;;2033;26;;;;;2031.5;0.0
0;13500;KELP;2030;35;;;;;2033;30;;;;;2031.5;0.0
0;13500;RAINFOREST_RESIN;9996;1;9995;29;;;10002;9;10004;1;10005;29;9999.0;0.0
0;13500;SQUID_INK;1975;5;1974;30;;;1978;30;;;;;1976.5;0.0
0;13600;SQUID_INK;1976;5;1974;25;;;1977;25;;;;;1976.5;0.0
0;13600;KELP;2032;5;2030;25;;;2033;25;;;;;2032.5;0.0
0;13600;RAINFOREST_RESIN;9996;2;9995;23;;;10004;2;10005;23;;;10000.0;0.0
0;13700;RAINFOREST_RESIN;10000;2;9996;2;9995;28;10002;7;10004;2;10005;28;10001.0;0.0
0;13700;SQUID_INK;1975;3;1974;30;;;1977;30;;;;;1976.0;0.0
0;13700;KELP;2031;3;2030;30;;;2034;30;;;;;2032.5;0.0
0;13800;RAINFOREST_RESIN;9996;1;9995;24;;;10004;1;10005;24;;;10000.0;0.0
0;13800;SQUID_INK;1974;25;;;;;1977;25;;;;;1975.5;0.0
0;13800;KELP;2030;25;;;;;2034;25;;;;;2032.0;0.0
0;13900;KELP;2030;20;;;;;2034;20;;;;;2032.0;0.0
0;13900;RAINFOREST_RESIN;9995;20;;;;;10002;2;10005;20;;;9998.5;0.0
0;13900;SQUID_INK;1973;20;;;;;1977;20;;;;;1975.0;0.0
0;14000;SQUID_INK;1976;1;1974;27;;;1978;27;;;;;1977.0;0.0
0;14000;KELP;2033;1;2030;27;;;2034;27;;;;;2033.5;0.0
0;14000;RAINFOREST_RESIN;9996;1;9995;26;;;10004;1;10005;26;;;10000.0;0.0
0;14100;RAINFOREST_RESIN;10000;3;9996;2;9995;22;10004;2;10005;22;;;10002.0;0.0
0;14100;SQUID_INK;1977;3;1976;24;;;1979;24;;;;;1978.0;0.0
0;14100;KELP;2032;3;2030;24;;;2034;24;;;;;2033.0;0.0
0;14200;RAINFOREST_RESIN;9996;2;9995;22;;;10004;2;10005;22;;;10000.0;0.0
0;14200;SQUID_INK;1976;24;;;;;1979;24;;;;;1977.5;0.0
0;14200;KELP;2030;24;;;;;2034;24;;;;;2032.0;0.0
0;14300;KELP;2030;30;;;;;2031;1;2034;30;;;2030.5;0.0
0;14300;RAINFOREST_RESIN;9996;2;9995;28;;;10004;2;10005;28;;;10000.0;0.0
0;14300;SQUID_INK;1974;29;;;;;1977;2;1978;28;;;1975.5;0.0
0;14400;SQUID_INK;1976;23;;;;;1978;4;1979;1;1980;22;1977.0;0.0
0;14400;KELP;2030;23;;;;;2032;4;2034;23;;;2031.0;0.0
0;14400;RAINFOREST_RESIN;9998;9;9996;1;9995;22;10004;1;10005;22;;;10001.0;0.0
0;14500;RAINFOREST_RESIN;9996;1;9995;22;;;10000;2;10004;1;10005;22;9998.0;0.0
0;14500;SQUID_INK;1976;22;;;;;1977;2;1978;1;1979;23;1976.5;0.0
0;14500;KELP;2030;22;;;;;2031;2;2032;1;2034;23;2030.5;0.0
0;14600;RAINFOREST_RESIN;9995;21;;;;;10002;3;10005;21;;;9998.5;0.0
0;14600;SQUID_INK;1976;21;;;;;1980;21;;;;;1978.0;0.0
0;14600;KELP;2030;21;;;;;2034;21;;;;;2032.0;0.0
0;14700;KELP;2030;26;;;;;2034;26;;;;;2032.0;0.0
0;14700;RAINFOREST_RESIN;9998;5;9996;2;9995;24;10004;2;10005;24;;;10001.0;0.0
0;14700;SQUID_INK;1976;26;;;;;1979;26;;;;;1977.5;0.0
0;14800;SQUID_INK;1977;22;;;;;1979;5;1980;23;;;1978.0;0.0
0;14800;KELP;2030;22;;;;;2032;5;2034;23;;;2031.0;0.0
0;14800;RAINFOREST_RESIN;9996;2;9995;21;;;10004;2;10005;21;;;10000.0;0.0
0;14900;RAINFOREST_RESIN;9996;2;9995;28;;;10002;8;10004;2;10005;28;9999.0;0.0
0;14900;SQUID_INK;1976;30;;;;;1980;30;;;;;1978.0;0.0
0;14900;KELP;2030;30;;;;;2034;30;;;;;2032.0;0.0
0;15000;RAINFOREST_RESIN;9996;1;9995;22;;;10004;1;10005;22;;;10000.0;0.0
0;15000;SQUID_INK;1977;22;;;;;1980;23;;;;;1978.5;0.0
0;15000;KELP;2030;22;;;;;2034;23;;;;;2032.0;0.0
0;15100;KELP;2033;1;2030;26;;;2034;26;;;;;2033.5;0.0
0;15100;RAINFOREST_RESIN;10002;1;9996;1;9995;25;10004;1;10005;25;;;10003.0;0.0
0;15100;SQUID_INK;1979;1;1977;26;;;1981;26;;;;;1980.0;0.0
0;15200;SQUID_INK;1977;3;1976;23;;;1978;4;1980;25;;;1977.5;0.0
0;15200;KELP;2030;25;;;;;2031;3;2034;25;;;2030.5;0.0
0;15200;RAINFOREST_RESIN;9998;3;9996;2;9995;23;10000;4;10004;2;10005;23;9999.0;0.0
0;15300;RAINFOREST_RESIN;9998;3;9996;2;9995;22;10004;2;10005;22;;;10001.0;0.0
0;15300;SQUID_INK;1976;6;1975;22;;;1979;24;;;;;1977.5;0.0
0;15300;KELP;2031;4;2030;24;;;2034;24;;;;;2032.5;0.0
0;15400;RAINFOREST_RESIN;9996;2;9995;24;;;10002;4;10004;2;10005;24;9999.0;0.0
0;15400;SQUID_INK;1972;26;;;;;1974;3;1975;2;1976;24;1973.0;0.0
0;15400;KELP;2030;26;;;;;2032;3;2034;26;;;2031.0;0.0
0;15500;KELP;2030;20;;;;;2032;5;2033;20;;;2031.0;0.0
0;15500;RAINFOREST_RESIN;9998;5;9995;20;;;10005;20;;;;;10001.5;0.0
0;15500;SQUID_INK;1972;20;;;;;1974;5;1976;20;;;1973.0;0.0
0;15600;SQUID_INK;1973;8;1972;24;;;1976;24;;;;;1974.5;0.0
0;15600;KELP;2031;8;2030;24;;;2033;1;2034;23;;;2032.0;0.0
0;15600;RAINFOREST_RESIN;9996;1;9995;23;;;10004;1;10005;23;;;10000.0;0.0
0;15700;RAINFOREST_RESIN;9996;2;9995;20;;;10004;2;10005;20;;;10000.0;0.0
0;15700;SQUID_INK;1972;22;;;;;1975;22;;;;;1973.5;0.0
0;15700;KELP;2030;22;;;;;2033;22;;;;;2031.5;0.0
0;15800;RAINFOREST_RESIN;9998;5;9996;2;9995;24;10004;2;10005;24;;;10001.0;0.0
0;15800;SQUID_INK;1973;2;1972;24;;;1974;3;1976;26;;;1973.5;0.0
0;15800;KELP;2030;26;;;;;2032;3;2033;26;;;2031.0;0.0
0;15900;KELP;2030;27;;;;;2033;27;;;;;2031.5;0.0
0;15900;RAINFOREST_RESIN;9998;10;9995;27;;;10005;27;;;;;10001.5;0.0
0;15900;SQUID_INK;1970;27;;;;;1974;27;;;;;1972.0;0.0
0;16000;SQUID_INK;1968;35;;;;;1971;27;;;;;1969.5;0.0
0;16000;KELP;2030;35;;;;;2033;27;;;;;2031.5;0.0
0;16000;RAINFOREST_RESIN;9996;2;9995;25;;;10002;7;10004;2;10005;25;9999.0;0.0
0;16100;RAINFOREST_RESIN;9998;4;9995;29;;;10005;29;;;;;10001.5;0.0
0;16100;SQUID_INK;1969;29;;;;;1973;29;;;;;1971.0;0.0
0;16100;KELP;2030;29;;;;;2033;29;;;;;2031.5;0.0
0;16200;RAINFOREST_RESIN;9995;21;;;;;10005;21;;;;;10000.0;0.0
0;16200;SQUID_INK;1970;1;1968;21;;;1971;21;;;;;1970.5;0.0
0;16200;KELP;2032;1;2030;21;;;2033;21;;;;;2032.5;0.0
0;16300;KELP;2030;31;;;;;2032;2;2033;31;;;2031.0;0.0
0;16300;RAINFOREST_RESIN;9996;2;9995;29;;;10002;2;10004;2;10005;29;9999.0;0.0
0;16300;SQUID_INK;1967;31;;;;;1969;2;1970;31;;;1968.0;0.0
0;16400;SQUID_INK;1969;24;;;;;1970;4;1973;24;;;1969.5;0.0
0;16400;KELP;2030;20;;;;;2033;24;;;;;2031.5;0.0
0;16400;RAINFOREST_RESIN;9996;2;9995;22;;;9998;1;10004;2;10005;22;9997.0;0.0
0;16500;RAINFOREST_RESIN;9996;2;9995;25;;;10004;2;10005;25;;;10000.0;0.0
0;16500;SQUID_INK;1968;27;;;;;1970;6;1971;27;;;1969.0;0.0
0;16500;KELP;2030;27;;;;;2032;6;2033;27;;;2031.0;0.0
0;16600;RAINFOREST_RESIN;9996;2;9995;23;;;10004;2;10005;23;;;10000.0;0.0
0;16600;SQUID_INK;1968;25;;;;;1971;25;;;;;1969.5;0.0
0;16600;KELP;2030;25;;;;;2033;25;;;;;2031.5;0.0
0;16700;KELP;2030;23;;;;;2033;24;;;;;2031.5;0.0
0;16700;RAINFOREST_RESIN;10002;3;9996;1;9995;23;10004;1;10005;23;;;10003.0;0.0
0;16700;SQUID_INK;1966;23;;;;;1970;24;;;;;1968.0;0.0
0;16800;SQUID_INK;1965;32;;;;;1968;2;1969;30;;;1966.5;0.0
0;16800;KELP;2030;32;;;;;2033;32;;;;;2031.5;0.0
0;16800;RAINFOREST_RESIN;9996;2;9995;30;;;10002;5;10004;2;10005;30;9999.0;0.0
0;16900;RAINFOREST_RESIN;9996;1;9995;23;;;10004;1;10005;23;;;10000.0;0.0
0;16900;SQUID_INK;1966;30;;;;;1969;24;;;;;1967.5;0.0
0;16900;KELP;2030;30;;;;;2033;24;;;;;2031.5;0.0
0;17000;RAINFOREST_RESIN;9995;23;;;;;10005;23;;;;;10000.0;0.0
0;17000;SQUID_INK;1965;23;;;;;1969;23;;;;;1967.0;0.0
0;17000;KELP;2030;23;;;;;2033;23;;;;;2031.5;0.0
0;17100;KELP;2030;30;;;;;2033;31;;;;;2031.5;0.0
0;17100;RAINFOREST_RESIN;9998;6;9996;1;9995;30;10004;1;10005;30;;;10001.0;0.0
0;17100;SQUID_INK;1964;30;;;;;1968;31;;;;;1966.0;0.0
0;17200;RAINFOREST_RESIN;9998;6;9996;2;9995;24;10004;2;10005;24;;;10001.0;0.0
0;17200;SQUID_INK;1961;26;;;;;1964;26;;;;;1962.5;0.0
0;17200;KELP;2030;26;;;;;2033;26;;;;;2031.5;0.0
0;17300;SQUID_INK;1963;28;;;;;1965;2;1966;28;;;1964.0;0.0
0;17300;KELP;2030;28;;;;;2032;2;2033;28;;;2031.0;0.0
0;17300;RAINFOREST_RESIN;9995;28;;;;;9998;1;10002;3;10005;28;9996.5;0.0
0;17400;RAINFOREST_RESIN;9996;1;9995;24;;;10004;1;10005;24;;;10000.0;0.0
0;17400;SQUID_INK;1964;4;1963;25;;;1966;1;1967;24;;;1965.0;0.0
0;17400;KELP;2030;29;;;;;2033;25;;;;;2031.5;0.0
0;17500;SQUID_INK;1961;24;;;;;1964;24;;;;;1962.5;0.0
0;17500;KELP;2030;24;;;;;2033;24;;;;;2031.5;0.0
0;17500;RAINFOREST_RESIN;9996;1;9995;23;;;10004;1;10005;23;;;10000.0;0.0
0;17600;RAINFOREST_RESIN;9995;27;;;;;10005;27;;;;;10000.0;0.0
0;17600;KELP;2030;27;;;;;2033;27;;;;;2031.5;0.0
0;17600;SQUID_INK;1962;27;;;;;1966;27;;;;;1964.0;0.0
0;17700;SQUID_INK;1962;24;;;;;1965;24;;;;;1963.5;0.0
0;17700;KELP;2030;24;;;;;2033;24;;;;;2031.5;0.0
0;17700;RAINFOREST_RESIN;9996;1;9995;23;;;10004;1;10005;23;;;10000.0;0.0
0;17800;SQUID_INK;1963;23;;;;;1967;23;;;;;1965.0;0.0
0;17800;RAINFOREST_RESIN;9995;23;;;;;10005;23;;;;;10000.0;0.0
0;17800;KELP;2030;23;;;;;2033;23;;;;;2031.5;0.0
0;17900;SQUID_INK;1962;30;;;;;1965;30;;;;;1963.5;0.0
0;17900;KELP;2030;30;;;;;2033;30;;;;;2031.5;0.0
0;17900;RAINFOREST_RESIN;9998;8;9996;1;9995;29;10004;1;10005;29;;;10001.0;0.0
0;18000;RAINFOREST_RESIN;9998;7;9996;2;9995;26;10004;2;10005;26;;;10001.0;0.0
0;18000;KELP;2032;5;2030;28;;;2033;28;;;;;2032.5;0.0
0;18000;SQUID_INK;1965;5;1963;28;;;1966;28;;;;;1965.5;0.0
0;18100;SQUID_INK;1964;21;;;;;1968;21;;;;;1966.0;0.0
0;18100;KELP;2030;21;;;;;2033;21;;;;;2031.5;0.0
0;18100;RAINFOREST_RESIN;9995;21;;;;;10005;21;;;;;10000.0;0.0
0;18200;SQUID_INK;1967;1;1966;1;1965;24;1968;1;1969;23;;;1967.5;0.0
0;18200;RAINFOREST_RESIN;9996;1;9995;23;;;10004;1;10005;23;;;10000.0;0.0
0;18200;KELP;2032;1;2030;2;2029;23;2033;24;;;;;2032.5;0.0
0;18300;SQUID_INK;1966;31;;;;;1969;29;;;;;1967.5;0.0
0;18300;KELP;2030;2;2029;29;;;2033;29;;;;;2031.5;0.0
0;18300;RAINFOREST_RESIN;9996;2;9995;27;;;10004;2;10005;27;;;10000.0;0.0
0;18400;RAINFOREST_RESIN;9996;1;9995;29;;;10004;1;10005;29;;;10000.0;0.0
0;18400;KELP;2029;30;;;;;2031;3;2033;30;;;2030.0;0.0
0;18400;SQUID_INK;1966;30;;;;;1968;3;1969;30;;;1967.0;0.0
0;18500;SQUID_INK;1966;32;;;;;1969;32;;;;;1967.5;0.0
0;18500;KELP;2029;32;;;;;2033;32;;;;;2031.0;0.0
0;18500;RAINFOREST_RESIN;9998;3;9996;2;9995;30;10004;2;10005;30;;;10001.0;0.0
0;18600;SQUID_INK;1966;31;;;;;1968;7;1969;31;;;1967.0;0.0
0;18600;RAINFOREST_RESIN;9996;1;9995;30;;;10002;9;10004;1;10005;30;9999.0;0.0
0;18600;KELP;2029;31;;;;;2031;7;2033;31;;;2030.0;0.0
0;18700;SQUID_INK;1964;27;;;;;1966;3;1967;27;;;1965.0;0.0
0;18700;KELP;2029;27;;;;;2031;3;2033;27;;;2030.0;0.0
0;18700;RAINFOREST_RESIN;10002;9;9996;2;9995;25;10004;2;10005;25;;;10003.0;0.0
0;18800;RAINFOREST_RESIN;9996;2;9995;22;;;10004;2;10005;22;;;10000.0;0.0
0;18800;KELP;2029;24;;;;;2031;8;2033;24;;;2030.0;0.0
0;18800;SQUID_INK;1963;24;;;;;1965;8;1966;24;;;1964.0;0.0
0;18900;SQUID_INK;1964;4;1963;28;;;1967;28;;;;;1965.5;0.0
0;18900;KELP;2030;4;2029;28;;;2033;28;;;;;2031.5;0.0
0;18900;RAINFOREST_RESIN;9996;1;9995;27;;;10004;1;10005;27;;;10000.0;0.0
0;19000;SQUID_INK;1966;5;1964;25;;;1968;25;;;;;1967.0;0.0
0;19000;RAINFOREST_RESIN;9995;25;;;;;10002;7;10005;25;;;9998.5;0.0
0;19000;KELP;2031;5;2029;25;;;2033;25;;;;;2032.0;0.0
0;19100;SQUID_INK;1965;29;;;;;1966;5;1967;7;1969;29;1965.5;0.0
0;19100;KELP;2030;1;2029;28;;;2031;12;2033;29;;;2030.5;0.0
0;19100;RAINFOREST_RESIN;9996;1;9995;28;;;10000;5;10004;1;10005;28;9998.0;0.0
0;19200;RAINFOREST_RESIN;9996;1;9995;28;;;10002;7;10004;1;10005;28;9999.0;0.0
0;19200;KELP;2030;1;2029;28;;;2033;29;;;;;2031.5;0.0
0;19200;SQUID_INK;1966;29;;;;;1969;29;;;;;1967.5;0.0
0;19300;SQUID_INK;1966;35;;;;;1969;32;;;;;1967.5;0.0
0;19300;KELP;2030;5;2029;30;;;2033;32;;;;;2031.5;0.0
0;19300;RAINFOREST_RESIN;9996;2;9995;30;;;10004;2;10005;30;;;10000.0;0.0
0;19400;SQUID_INK;1966;25;;;;;1969;21;;;;;1967.5;0.0
0;19400;RAINFOREST_RESIN;9996;1;9995;20;;;10002;3;10004;1;10005;20;9999.0;0.0
0;19400;KELP;2030;5;2029;20;;;2033;21;;;;;2031.5;0.0
0;19500;SQUID_INK;1967;23;;;;;1970;22;;;;;1968.5;0.0
0;19500;KELP;2030;23;;;;;2033;22;;;;;2031.5;0.0
0;19500;RAINFOREST_RESIN;9996;2;9995;20;;;10004;2;10005;20;;;10000.0;0.0
0;19600;RAINFOREST_RESIN;9996;2;9995;29;;;10004;2;10005;29;;;10000.0;0.0
0;19600;KELP;2030;31;;;;;2033;31;;;;;2031.5;0.0
0;19600;SQUID_INK;1967;31;;;;;1970;31;;;;;1968.5;0.0
0;19700;KELP;2030;25;;;;;2033;25;;;;;2031.5;0.0
0;19700;SQUID_INK;1968;25;;;;;1972;25;;;;;1970.0;0.0
0;19700;RAINFOREST_RESIN;9996;1;9995;24;;;10002;2;10004;1;10005;24;9999.0;0.0
0;19800;KELP;2030;20;;;;;2033;20;;;;;2031.5;0.0
0;19800;SQUID_INK;1967;20;;;;;1971;20;;;;;1969.0;0.0
0;19800;RAINFOREST_RESIN;10002;4;9995;20;;;10005;20;;;;;10003.5;0.0
0;19900;SQUID_INK;1971;28;;;;;1974;28;;;;;1972.5;0.0
0;19900;RAINFOREST_RESIN;9996;1;9995;27;;;10004;1;10005;27;;;10000.0;0.0
0;19900;KELP;2030;28;;;;;2033;28;;;;;2031.5;0.0
0;20000;RAINFOREST_RESIN;9996;1;9995;28;;;10002;4;10004;1;10005;28;9999.0;0.0
0;20000;KELP;2030;29;;;;;2033;29;;;;;2031.5;0.0
0;20000;SQUID_INK;1971;29;;;;;1974;1;1975;28;;;1972.5;0.0
0;20100;KELP;2030;31;;;;;2033;31;;;;;2031.5;0.0
0;20100;SQUID_INK;1969;31;;;;;1972;31;;;;;1970.5;0.0
0;20100;RAINFOREST_RESIN;9998;9;9996;2;9995;29;10004;2;10005;29;;;10001.0;0.0
0;20200;KELP;2030;29;;;;;2033;29;;;;;2031.5;0.0
0;20200;SQUID_INK;1970;29;;;;;1973;29;;;;;1971.5;0.0
0;20200;RAINFOREST_RESIN;9995;29;;;;;10005;29;;;;;10000.0;0.0
0;20300;SQUID_INK;1969;23;;;;;1972;23;;;;;1970.5;0.0
0;20300;RAINFOREST_RESIN;9996;2;9995;21;;;10004;2;10005;21;;;10000.0;0.0
0;20300;KELP;2030;23;;;;;2033;23;;;;;2031.5;0.0
0;20400;RAINFOREST_RESIN;9995;24;;;;;10005;24;;;;;10000.0;0.0
0;20400;KELP;2030;24;;;;;2033;24;;;;;2031.5;0.0
0;20400;SQUID_INK;1970;24;;;;;1973;24;;;;;1971.5;0.0
0;20500;KELP;2032;10;2030;30;;;2033;30;;;;;2032.5;0.0
0;20500;SQUID_INK;1971;10;1969;30;;;1972;30;;;;;1971.5;0.0
0;20500;RAINFOREST_RESIN;9995;30;;;;;10005;30;;;;;10000.0;0.0
0;20600;KELP;2030;23;;;;;2033;23;;;;;2031.5;0.0
0;20600;SQUID_INK;1970;23;;;;;1973;23;;;;;1971.5;0.0
0;20600;RAINFOREST_RESIN;9996;2;9995;21;;;10004;2;10005;21;;;10000.0;0.0
0;20700;SQUID_INK;1970;31;;;;;1974;31;;;;;1972.0;0.0
0;20700;RAINFOREST_RESIN;9996;1;9995;30;;;10002;6;10004;1;10005;30;9999.0;0.0
0;20700;KELP;2030;31;;;;;2033;31;;;;;2031.5;0.0
0;20800;RAINFOREST_RESIN;9996;2;9995;23;;;10004;2;10005;23;;;10000.0;0.0
0;20800;KELP;2032;1;2030;25;;;2033;25;;;;;2032.5;0.0
0;20800;SQUID_INK;1972;1;1970;25;;;1973;25;;;;;1972.5;0.0
0;20900;KELP;2030;24;;;;;2033;24;;;;;2031.5;0.0
0;20900;SQUID_INK;1972;1;1971;23;;;1975;24;;;;;1973.5;0.0
0;20900;RAINFOREST_RESIN;9996;1;9995;23;;;10004;1;10005;23;;;10000.0;0.0
0;21000;KELP;2030;27;;;;;2033;27;;;;;2031.5;0.0
0;21000;SQUID_INK;1972;27;;;;;1975;27;;;;;1973.5;0.0
0;21000;RAINFOREST_RESIN;9995;27;;;;;10005;27;;;;;10000.0;0.0
0;21100;SQUID_INK;1972;2;1971;28;;;1975;30;;;;;1973.5;0.0
0;21100;RAINFOREST_RESIN;9998;1;9996;2;9995;28;10004;2;10005;28;;;10001.0;0.0
0;21100;KELP;2030;30;;;;;2033;30;;;;;2031.5;0.0
0;21200;RAINFOREST_RESIN;9995;23;;;;;10005;23;;;;;10000.0;0.0
0;21200;KELP;2030;23;;;;;2033;23;;;;;2031.5;0.0
0;21200;SQUID_INK;1972;23;;;;;1975;23;;;;;1973.5;0.0
0;21300;KELP;2030;28;;;;;2032;5;2034;29;;;2031.0;0.0
0;21300;SQUID_INK;1975;28;;;;;1977;5;1978;29;;;1976.0;0.0
0;21300;RAINFOREST_RESIN;9995;29;;;;;10005;29;;;;;10000.0;0.0
0;21400;KELP;2030;30;;;;;2034;30;;;;;2032.0;0.0
0;21400;SQUID_INK;1975;30;;;;;1978;30;;;;;1976.5;0.0
0;21400;RAINFOREST_RESIN;9995;30;;;;;10005;30;;;;;10000.0;0.0
0;21500;RAINFOREST_RESIN;9996;2;9995;22;;;10004;2;10005;22;;;10000.0;0.0
0;21500;SQUID_INK;1975;24;;;;;1977;5;1978;24;;;1976.0;0.0
0;21500;KELP;2030;24;;;;;2032;5;2034;24;;;2031.0;0.0
0;21600;RAINFOREST_RESIN;10002;1;9995;29;;;10005;29;;;;;10003.5;0.0
0;21600;KELP;2030;28;;;;;2034;29;;;;;2032.0;0.0
0;21600;SQUID_INK;1976;28;;;;;1979;29;;;;;1977.5;0.0
0;21700;KELP;2030;31;;;;;2034;31;;;;;2032.0;0.0
0;21700;RAINFOREST_RESIN;9996;1;9995;30;;;10002;10;10004;1;10005;30;9999.0;0.0
0;21700;SQUID_INK;1977;31;;;;;1980;31;;;;;1978.5;0.0
0;21800;KELP;2030;28;;;;;2034;29;;;;;2032.0;0.0
0;21800;SQUID_INK;1975;29;;;;;1976;1;1979;29;;;1975.5;0.0
0;21800;RAINFOREST_RESIN;9998;6;9996;1;9995;28;10004;1;10005;28;;;10001.0;0.0
0;21900;RAINFOREST_RESIN;9996;2;9995;28;;;10004;2;10005;28;;;10000.0;0.0
0;21900;SQUID_INK;1977;3;1976;28;;;1980;30;;;;;1978.5;0.0
0;21900;KELP;2031;1;2030;30;;;2034;30;;;;;2032.5;0.0
0;22000;RAINFOREST_RESIN;9996;1;9995;23;;;10000;2;10004;1;10005;23;9998.0;0.0
0;22000;SQUID_INK;1977;28;;;;;1978;2;1980;24;;;1977.5;0.0
0;22000;KELP;2031;4;2030;24;;;2032;2;2034;24;;;2031.5;0.0
0;22100;KELP;2031;24;;;;;2034;25;;;;;2032.5;0.0
0;22100;RAINFOREST_RESIN;9996;2;9995;23;;;10004;2;10005;23;;;10000.0;0.0
0;22100;SQUID_INK;1976;24;;;;;1979;25;;;;;1977.5;0.0
0;22200;SQUID_INK;1977;28;;;;;1979;6;1980;28;;;1978.0;0.0
0;22200;KELP;2031;28;;;;;2033;6;2034;28;;;2032.0;0.0
0;22200;RAINFOREST_RESIN;9996;1;9995;27;;;10002;4;10004;1;10005;27;9999.0;0.0
0;22300;RAINFOREST_RESIN;9996;1;9995;29;;;10004;1;10005;29;;;10000.0;0.0
0;22300;SQUID_INK;1976;30;;;;;1980;30;;;;;1978.0;0.0
0;22300;KELP;2031;30;;;;;2034;30;;;;;2032.5;0.0
0;22400;RAINFOREST_RESIN;10002;2;9996;2;9995;24;10004;2;10005;24;;;10003.0;0.0
0;22400;SQUID_INK;1976;26;;;;;1979;26;;;;;1977.5;0.0
0;22400;KELP;2031;26;;;;;2034;26;;;;;2032.5;0.0
0;22500;KELP;2031;27;;;;;2034;27;;;;;2032.5;0.0
0;22500;RAINFOREST_RESIN;10002;6;9995;27;;;10005;27;;;;;10003.5;0.0
0;22500;SQUID_INK;1977;27;;;;;1981;27;;;;;1979.0;0.0
0;22600;SQUID_INK;1979;27;;;;;1982;27;;;;;1980.5;0.0
0;22600;KELP;2031;27;;;;;2034;27;;;;;2032.5;0.0
0;22600;RAINFOREST_RESIN;9996;1;9995;26;;;10002;9;10004;1;10005;26;9999.0;0.0
0;22700;RAINFOREST_RESIN;9995;28;;;;;10005;28;;;;;10000.0;0.0
0;22700;SQUID_INK;1978;28;;;;;1982;28;;;;;1980.0;0.0
0;22700;KELP;2031;28;;;;;2034;28;;;;;2032.5;0.0
0;22800;RAINFOREST_RESIN;9996;1;9995;29;;;9998;3;10004;1;10005;29;9997.0;0.0
0;22800;SQUID_INK;1978;30;;;;;1981;30;;;;;1979.5;0.0
0;22800;KELP;2031;30;;;;;2034;30;;;;;2032.5;0.0
0;22900;KELP;2031;26;;;;;2034;26;;;;;2032.5;0.0
0;22900;RAINFOREST_RESIN;9996;2;9995;24;;;9998;1;10004;2;10005;24;9997.0;0.0
0;22900;SQUID_INK;1978;26;;;;;1981;26;;;;;1979.5;0.0
0;23000;SQUID_INK;1978;26;;;;;1982;26;;;;;1980.0;0.0
0;23000;KELP;2031;26;;;;;2034;26;;;;;2032.5;0.0
0;23000;RAINFOREST_RESIN;9998;3;9996;2;9995;24;10004;2;10005;24;;;10001.0;0.0
0;23100;RAINFOREST_RESIN;9996;1;9995;23;;;10002;10;10004;1;10005;23;9999.0;0.0
0;23100;SQUID_INK;1978;24;;;;;1982;24;;;;;1980.0;0.0
0;23100;KELP;2031;1;2030;23;;;2034;24;;;;;2032.5;0.0
0;23200;RAINFOREST_RESIN;9995;26;;;;;9998;1;10002;10;10005;26;9996.5;0.0
0;23200;SQUID_INK;1978;26;;;;;1981;26;;;;;1979.5;0.0
0;23200;KELP;2030;26;;;;;2034;26;;;;;2032.0;0.0
0;23300;KELP;2032;2;2031;22;;;2033;3;2034;22;;;2032.5;0.0
0;23300;RAINFOREST_RESIN;9995;22;;;;;10005;22;;;;;10000.0;0.0
0;23300;SQUID_INK;1981;22;;;;;1983;1;1984;22;;;1982.0;0.0
0;23400;SQUID_INK;1980;21;;;;;1983;21;;;;;1981.5;0.0
0;23400;KELP;2030;21;;;;;2034;21;;;;;2032.0;0.0
0;23400;RAINFOREST_RESIN;9998;6;9995;21;;;10005;21;;;;;10001.5;0.0
0;23500;RAINFOREST_RESIN;9996;2;9995;26;;;10004;2;10005;26;;;10000.0;0.0
0;23500;SQUID_INK;1980;28;;;;;1983;2;1984;26;;;1981.5;0.0
0;23500;KELP;2031;28;;;;;2034;28;;;;;2032.5;0.0
0;23600;RAINFOREST_RESIN;9995;21;;;;;10002;6;10005;21;;;9998.5;0.0
0;23600;SQUID_INK;1980;21;;;;;1982;2;1984;21;;;1981.0;0.0
0;23600;KELP;2031;21;;;;;2033;2;2034;21;;;2032.0;0.0
0;23700;KELP;2031;24;;;;;2034;24;;;;;2032.5;0.0
0;23700;RAINFOREST_RESIN;9995;24;;;;;10005;24;;;;;10000.0;0.0
0;23700;SQUID_INK;1980;24;;;;;1984;24;;;;;1982.0;0.0
0;23800;SQUID_INK;1983;23;;;;;1986;23;;;;;1984.5;0.0
0;23800;KELP;2031;23;;;;;2034;23;;;;;2032.5;0.0
0;23800;RAINFOREST_RESIN;9996;2;9995;21;;;10004;2;10005;21;;;10000.0;0.0
0;23900;RAINFOREST_RESIN;9995;20;;;;;10005;20;;;;;10000.0;0.0
0;23900;SQUID_INK;1984;1;1982;20;;;1986;20;;;;;1985.0;0.0
0;23900;KELP;2033;1;2031;20;;;2034;20;;;;;2033.5;0.0
0;24000;RAINFOREST_RESIN;9996;1;9995;22;;;10002;6;10004;1;10005;22;9999.0;0.0
0;24000;SQUID_INK;1983;23;;;;;1987;23;;;;;1985.0;0.0
0;24000;KELP;2031;1;2030;22;;;2034;23;;;;;2032.5;0.0
0;24100;KELP;2030;26;;;;;2032;5;2034;26;;;2031.0;0.0
0;24100;RAINFOREST_RESIN;9996;2;9995;24;;;10004;2;10005;24;;;10000.0;0.0
0;24100;SQUID_INK;1984;26;;;;;1986;5;1987;26;;;1985.0;0.0
0;24200;SQUID_INK;1986;1;1984;27;;;1987;27;;;;;1986.5;0.0
0;24200;KELP;2032;1;2030;27;;;2034;27;;;;;2033.0;0.0
0;24200;RAINFOREST_RESIN;9998;4;9996;2;9995;25;10004;2;10005;25;;;10001.0;0.0
0;24300;RAINFOREST_RESIN;10002;6;9996;2;9995;21;10004;2;10005;21;;;10003.0;0.0
0;24300;SQUID_INK;1984;23;;;;;1987;23;;;;;1985.5;0.0
0;24300;KELP;2030;23;;;;;2034;23;;;;;2032.0;0.0
0;24400;RAINFOREST_RESIN;9995;25;;;;;10005;25;;;;;10000.0;0.0
0;24400;SQUID_INK;1984;25;;;;;1987;25;;;;;1985.5;0.0
0;24400;KELP;2030;25;;;;;2034;25;;;;;2032.0;0.0
0;24500;KELP;2031;2;2030;21;;;2034;21;;;;;2032.5;0.0
0;24500;RAINFOREST_RESIN;9995;21;;;;;9998;2;10002;7;10005;21;9996.5;0.0
0;24500;SQUID_INK;1984;2;1983;21;;;1987;21;;;;;1985.5;0.0
0;24600;SQUID_INK;1982;27;;;;;1986;27;;;;;1984.0;0.0
0;24600;KELP;2030;27;;;;;2034;27;;;;;2032.0;0.0
0;24600;RAINFOREST_RESIN;9996;1;9995;26;;;10004;1;10005;26;;;10000.0;0.0
0;24700;RAINFOREST_RESIN;9996;2;9995;20;;;10004;2;10005;20;;;10000.0;0.0
0;24700;SQUID_INK;1982;22;;;;;1985;2;1986;20;;;1983.5;0.0
0;24700;KELP;2030;22;;;;;2034;22;;;;;2032.0;0.0
0;24800;RAINFOREST_RESIN;9996;2;9995;26;;;10004;2;10005;26;;;10000.0;0.0
0;24800;SQUID_INK;1983;28;;;;;1986;28;;;;;1984.5;0.0
0;24800;KELP;2030;28;;;;;2034;28;;;;;2032.0;0.0
0;24900;KELP;2030;30;;;;;2032;1;2034;30;;;2031.0;0.0
0;24900;RAINFOREST_RESIN;9998;5;9996;2;9995;28;10004;2;10005;28;;;10001.0;0.0
0;24900;SQUID_INK;1982;30;;;;;1984;1;1985;30;;;1983.0;0.0
0;25000;SQUID_INK;1980;35;;;;;1983;27;;;;;1981.5;0.0
0;25000;KELP;2031;8;2030;27;;;2034;27;;;;;2032.5;0.0
0;25000;RAINFOREST_RESIN;9996;1;9995;26;;;10002;1;10004;1;10005;26;9999.0;0.0
0;25100;RAINFOREST_RESIN;9995;23;;;;;10005;23;;;;;10000.0;0.0
0;25100;SQUID_INK;1981;23;;;;;1984;23;;;;;1982.5;0.0
0;25100;KELP;2030;23;;;;;2034;23;;;;;2032.0;0.0
0;25200;RAINFOREST_RESIN;9996;2;9995;24;;;10004;2;10005;24;;;10000.0;0.0
0;25200;SQUID_INK;1979;26;;;;;1980;1;1983;26;;;1979.5;0.0
0;25200;KELP;2031;1;2030;24;;;2034;26;;;;;2032.5;0.0
0;25300;KELP;2031;2;2030;24;;;2034;26;;;;;2032.5;0.0
0;25300;RAINFOREST_RESIN;9996;2;9995;24;;;10002;1;10004;2;10005;24;9999.0;0.0
0;25300;SQUID_INK;1978;2;1977;24;;;1981;26;;;;;1979.5;0.0
0;25400;SQUID_INK;1978;32;;;;;1981;32;;;;;1979.5;0.0
0;25400;KELP;2030;32;;;;;2034;32;;;;;2032.0;0.0
0;25400;RAINFOREST_RESIN;9998;2;9996;2;9995;30;10004;2;10005;30;;;10001.0;0.0
0;25500;RAINFOREST_RESIN;9998;3;9996;2;9995;23;10004;2;10005;23;;;10001.0;0.0
0;25500;SQUID_INK;1977;25;;;;;1979;1;1980;2;1981;23;1978.0;0.0
0;25500;KELP;2030;25;;;;;2032;1;2034;25;;;2031.0;0.0
0;25600;RAINFOREST_RESIN;9996;1;9995;30;;;10004;1;10005;30;;;10000.0;0.0
0;25600;SQUID_INK;1980;1;1978;1;1977;30;1981;31;;;;;1980.5;0.0
0;25600;KELP;2033;1;2030;31;;;2034;31;;;;;2033.5;0.0
0;25700;KELP;2031;1;2030;22;;;2032;4;2034;23;;;2031.5;0.0
0;25700;RAINFOREST_RESIN;9996;1;9995;22;;;10004;1;10005;22;;;10000.0;0.0
0;25700;SQUID_INK;1977;23;;;;;1979;4;1980;23;;;1978.0;0.0
0;25800;SQUID_INK;1981;2;1979;28;;;1982;28;;;;;1981.5;0.0
0;25800;KELP;2032;2;2031;28;;;2034;28;;;;;2033.0;0.0
0;25800;RAINFOREST_RESIN;9996;1;9995;27;;;10004;1;10005;27;;;10000.0;0.0
0;25900;SQUID_INK;1978;28;;;;;1980;3;1982;28;;;1979.0;0.0
0;25900;KELP;2030;28;;;;;2033;3;2034;28;;;2031.5;0.0
0;25900;RAINFOREST_RESIN;9995;28;;;;;10005;28;;;;;10000.0;0.0
0;26000;RAINFOREST_RESIN;9995;24;;;;;10002;7;10005;24;;;9998.5;0.0
0;26000;SQUID_INK;1976;24;;;;;1979;24;;;;;1977.5;0.0
0;26000;KELP;2031;24;;;;;2034;24;;;;;2032.5;0.0
0;26100;KELP;2031;25;;;;;2034;25;;;;;2032.5;0.0
0;26100;RAINFOREST_RESIN;9995;25;;;;;10002;7;10005;25;;;9998.5;0.0
0;26100;SQUID_INK;1976;25;;;;;1979;25;;;;;1977.5;0.0
0;26200;RAINFOREST_RESIN;9996;1;9995;25;;;10004;1;10005;25;;;10000.0;0.0
0;26200;SQUID_INK;1976;26;;;;;1980;26;;;;;1978.0;0.0
0;26200;KELP;2031;26;;;;;2034;26;;;;;2032.5;0.0
0;26300;SQUID_INK;1979;2;1978;24;;;1982;24;;;;;1980.5;0.0
0;26300;KELP;2031;26;;;;;2034;24;;;;;2032.5;0.0
0;26300;RAINFOREST_RESIN;9995;24;;;;;10005;24;;;;;10000.0;0.0
0;26400;SQUID_INK;1974;28;;;;;1977;29;;;;;1975.5;0.0
0;26400;RAINFOREST_RESIN;10002;3;9995;29;;;10005;29;;;;;10003.5;0.0
0;26400;KELP;2031;28;;;;;2034;29;;;;;2032.5;0.0
0;26500;SQUID_INK;1981;1;1979;2;1978;24;1982;24;;;;;1981.5;0.0
0;26500;KELP;2033;1;2031;26;;;2034;24;;;;;2033.5;0.0
0;26500;RAINFOREST_RESIN;9996;1;9995;23;;;10002;4;10004;1;10005;23;9999.0;0.0
0;26600;RAINFOREST_RESIN;10002;3;9998;1;9996;1;10004;1;10005;21;;;10003.0;0.0
0;26600;KELP;2031;22;;;;;2034;22;;;;;2032.5;0.0
0;26600;SQUID_INK;1976;22;;;;;1979;22;;;;;1977.5;0.0
0;26700;SQUID_INK;1974;24;;;;;1976;4;1978;24;;;1975.0;0.0
0;26700;KELP;2031;24;;;;;2032;4;2034;24;;;2031.5;0.0
0;26700;RAINFOREST_RESIN;9995;24;;;;;10000;6;10005;24;;;9997.5;0.0
0;26800;SQUID_INK;1970;24;;;;;1974;24;;;;;1972.0;0.0
0;26800;RAINFOREST_RESIN;9995;24;;;;;10005;24;;;;;10000.0;0.0
0;26800;KELP;2031;24;;;;;2034;24;;;;;2032.5;0.0
0;26900;SQUID_INK;1968;27;;;;;1971;27;;;;;1969.5;0.0
0;26900;KELP;2031;27;;;;;2034;27;;;;;2032.5;0.0
0;26900;RAINFOREST_RESIN;9995;27;;;;;9998;1;10002;5;10005;27;9996.5;0.0
0;27000;RAINFOREST_RESIN;9996;1;9995;30;;;10002;7;10004;1;10005;30;9999.0;0.0
0;27000;KELP;2031;31;;;;;2034;31;;;;;2032.5;0.0
0;27000;SQUID_INK;1970;31;;;;;1974;31;;;;;1972.0;0.0
0;27100;SQUID_INK;1969;24;;;;;1972;2;1973;22;;;1970.5;0.0
0;27100;KELP;2031;24;;;;;2034;24;;;;;2032.5;0.0
0;27100;RAINFOREST_RESIN;9996;2;9995;22;;;10002;7;10004;2;10005;22;9999.0;0.0
0;27200;SQUID_INK;1968;31;;;;;1971;31;;;;;1969.5;0.0
0;27200;RAINFOREST_RESIN;9998;2;9996;2;9995;29;10004;2;10005;29;;;10001.0;0.0
0;27200;KELP;2031;31;;;;;2034;31;;;;;2032.5;0.0
0;27300;SQUID_INK;1969;5;1968;33;;;1971;27;;;;;1970.0;0.0
0;27300;KELP;2032;5;2031;33;;;2034;27;;;;;2033.0;0.0
0;27300;RAINFOREST_RESIN;10000;5;9996;2;9995;25;10004;2;10005;25;;;10002.0;0.0
0;27400;RAINFOREST_RESIN;9996;1;9995;24;;;10004;1;10005;24;;;10000.0;0.0
0;27400;KELP;2031;22;;;;;2034;25;;;;;2032.5;0.0
0;27400;SQUID_INK;1968;25;;;;;1969;3;1971;25;;;1968.5;0.0
0;27500;SQUID_INK;1967;26;;;;;1970;26;;;;;1968.5;0.0
0;27500;KELP;2031;26;;;;;2034;26;;;;;2032.5;0.0
0;27500;RAINFOREST_RESIN;9996;2;9995;24;;;10002;10;10004;2;10005;24;9999.0;0.0
0;27600;SQUID_INK;1967;23;;;;;1970;23;;;;;1968.5;0.0
0;27600;RAINFOREST_RESIN;9996;1;9995;22;;;9998;1;10004;1;10005;22;9997.0;0.0
0;27600;KELP;2031;23;;;;;2034;23;;;;;2032.5;0.0
0;27700;SQUID_INK;1970;3;1968;26;;;1971;26;;;;;1970.5;0.0
0;27700;KELP;2033;3;2031;26;;;2034;26;;;;;2033.5;0.0
0;27700;RAINFOREST_RESIN;9996;2;9995;24;;;10004;2;10005;24;;;10000.0;0.0
0;27800;RAINFOREST_RESIN;9995;28;;;;;10005;28;;;;;10000.0;0.0
0;27800;KELP;2031;28;;;;;2034;28;;;;;2032.5;0.0
0;27800;SQUID_INK;1969;28;;;;;1973;28;;;;;1971.0;0.0
0;27900;SQUID_INK;1970;33;;;;;1973;26;;;;;1971.5;0.0
0;27900;KELP;2031;33;;;;;2034;26;;;;;2032.5;0.0
0;27900;RAINFOREST_RESIN;9996;1;9995;25;;;9998;4;10004;1;10005;25;9997.0;0.0
0;28000;SQUID_INK;1971;24;;;;;1974;24;;;;;1972.5;0.0
0;28000;RAINFOREST_RESIN;9995;24;;;;;10002;9;10005;24;;;9998.5;0.0
0;28000;KELP;2031;24;;;;;2034;24;;;;;2032.5;0.0
0;28100;SQUID_INK;1971;23;;;;;1972;3;1974;22;;;1971.5;0.0
0;28100;KELP;2031;20;;;;;2034;22;;;;;2032.5;0.0
0;28100;RAINFOREST_RESIN;9995;22;;;;;10005;22;;;;;10000.0;0.0
0;28200;RAINFOREST_RESIN;9996;1;9995;29;;;10004;1;10005;29;;;10000.0;0.0
0;28200;KELP;2031;30;;;;;2034;30;;;;;2032.5;0.0
0;28200;SQUID_INK;1970;30;;;;;1973;1;1974;29;;;1971.5;0.0
0;28300;SQUID_INK;1971;24;;;;;1973;7;1974;1;1975;23;1972.0;0.0
0;28300;KELP;2031;24;;;;;2033;7;2034;24;;;2032.0;0.0
0;28300;RAINFOREST_RESIN;9996;1;9995;23;;;10002;7;10004;1;10005;23;9999.0;0.0
0;28400;SQUID_INK;1971;21;;;;;1975;21;;;;;1973.0;0.0
0;28400;RAINFOREST_RESIN;9995;21;;;;;10002;9;10005;21;;;9998.5;0.0
0;28400;KELP;2031;21;;;;;2034;21;;;;;2032.5;0.0
0;28500;SQUID_INK;1973;1;1971;1;1970;30;1974;31;;;;;1973.5;0.0
0;28500;KELP;2033;1;2031;31;;;2034;31;;;;;2033.5;0.0
0;28500;RAINFOREST_RESIN;9996;1;9995;30;;;10004;1;10005;30;;;10000.0;0.0
0;28600;RAINFOREST_RESIN;9998;7;9996;2;9995;29;10004;2;10005;29;;;10001.0;0.0
0;28600;KELP;2031;30;;;;;2033;7;2034;31;;;2032.0;0.0
0;28600;SQUID_INK;1971;30;;;;;1973;7;1974;31;;;1972.0;0.0
0;28700;KELP;2031;33;;;;;2034;25;;;;;2032.5;0.0
0;28700;SQUID_INK;1971;33;;;;;1974;25;;;;;1972.5;0.0
0;28700;RAINFOREST_RESIN;9996;1;9995;24;;;10004;1;10005;24;;;10000.0;0.0
0;28800;KELP;2031;22;;;;;2034;22;;;;;2032.5;0.0
0;28800;SQUID_INK;1970;22;;;;;1973;22;;;;;1971.5;0.0
0;28800;RAINFOREST_RESIN;9996;2;9995;20;;;10004;2;10005;20;;;10000.0;0.0
0;28900;SQUID_INK;1971;3;1970;22;;;1974;22;;;;;1972.5;0.0
0;28900;RAINFOREST_RESIN;9995;22;;;;;10005;22;;;;;10000.0;0.0
0;28900;KELP;2031;25;;;;;2034;22;;;;;2032.5;0.0
0;29000;RAINFOREST_RESIN;9995;24;;;;;10005;24;;;;;10000.0;0.0
0;29000;KELP;2031;24;;;;;2034;24;;;;;2032.5;0.0
0;29000;SQUID_INK;1970;24;;;;;1973;24;;;;;1971.5;0.0
0;29100;KELP;2030;31;;;;;2032;6;2034;31;;;2031.0;0.0
0;29100;SQUID_INK;1971;31;;;;;1973;6;1974;31;;;1972.0;0.0
0;29100;RAINFOREST_RESIN;9998;9;9996;2;9995;29;10004;2;10005;29;;;10001.0;0.0
0;29200;KELP;2030;20;;;;;2032;2;2034;20;;;2031.0;0.0
0;29200;SQUID_INK;1970;20;;;;;1971;2;1973;20;;;1970.5;0.0
0;29200;RAINFOREST_RESIN;9995;20;;;;;10002;3;10005;20;;;9998.5;0.0
0;29300;SQUID_INK;1972;24;;;;;1975;25;;;;;1973.5;0.0
0;29300;RAINFOREST_RESIN;9995;25;;;;;10005;25;;;;;10000.0;0.0
0;29300;KELP;2030;25;;;;;2031;1;2034;25;;;2030.5;0.0
0;29400;RAINFOREST_RESIN;9996;1;9995;23;;;10004;1;10005;23;;;10000.0;0.0
0;29400;KELP;2030;24;;;;;2033;1;2034;23;;;2031.5;0.0
0;29400;SQUID_INK;1970;24;;;;;1974;24;;;;;1972.0;0.0
0;29500;KELP;2030;29;;;;;2033;24;;;;;2031.5;0.0
0;29500;SQUID_INK;1970;29;;;;;1973;24;;;;;1971.5;0.0
0;29500;RAINFOREST_RESIN;10002;1;9996;2;9995;22;10004;2;10005;22;;;10003.0;0.0
0;29600;KELP;2030;20;;;;;2034;20;;;;;2032.0;0.0
0;29600;SQUID_INK;1970;20;;;;;1973;20;;;;;1971.5;0.0
0;29600;RAINFOREST_RESIN;9995;20;;;;;9998;1;10005;20;;;9996.5;0.0
0;29700;SQUID_INK;1970;27;;;;;1973;27;;;;;1971.5;0.0
0;29700;RAINFOREST_RESIN;9996;1;9995;26;;;10004;1;10005;26;;;10000.0;0.0
0;29700;KELP;2030;27;;;;;2033;1;2034;26;;;2031.5;0.0
0;29800;RAINFOREST_RESIN;9998;7;9996;1;9995;29;10004;1;10005;29;;;10001.0;0.0
0;29800;KELP;2030;30;;;;;2033;1;2034;29;;;2031.5;0.0
0;29800;SQUID_INK;1969;30;;;;;1972;30;;;;;1970.5;0.0
0;29900;KELP;2030;27;;;;;2031;6;2034;27;;;2030.5;0.0
0;29900;SQUID_INK;1968;27;;;;;1970;6;1972;27;;;1969.0;0.0
0;29900;RAINFOREST_RESIN;9998;8;9996;1;9995;26;10000;2;10004;1;10005;26;9999.0;0.0
0;30000;KELP;2032;1;2030;21;;;2034;21;;;;;2033.0;0.0
0;30000;SQUID_INK;1969;1;1967;21;;;1970;1;1971;20;;;1969.5;0.0
0;30000;RAINFOREST_RESIN;9996;1;9995;20;;;10002;7;10004;1;10005;20;9999.0;0.0
0;30100;SQUID_INK;1968;22;;;;;1970;1;1971;22;;;1969.0;0.0
0;30100;RAINFOREST_RESIN;9995;22;;;;;10000;5;10005;22;;;9997.5;0.0
0;30100;KELP;2030;22;;;;;2032;1;2034;22;;;2031.0;0.0
0;30200;RAINFOREST_RESIN;9996;2;9995;22;;;10004;2;10005;22;;;10000.0;0.0
0;30200;KELP;2030;24;;;;;2033;2;2034;22;;;2031.5;0.0
0;30200;SQUID_INK;1967;2;1966;22;;;1970;24;;;;;1968.5;0.0
0;30300;KELP;2030;30;;;;;2032;2;2033;30;;;2031.0;0.0
0;30300;SQUID_INK;1968;30;;;;;1970;2;1971;30;;;1969.0;0.0
0;30300;RAINFOREST_RESIN;9996;2;9995;28;;;10002;7;10004;2;10005;28;9999.0;0.0
0;30400;KELP;2030;23;;;;;2033;23;;;;;2031.5;0.0
0;30400;SQUID_INK;1966;23;;;;;1969;23;;;;;1967.5;0.0
0;30400;RAINFOREST_RESIN;9996;2;9995;21;;;10004;2;10005;21;;;10000.0;0.0
0;30500;RAINFOREST_RESIN;9996;1;9995;28;;;10004;1;10005;28;;;10000.0;0.0
0;30500;SQUID_INK;1962;29;;;;;1964;7;1965;29;;;1963.0;0.0
0;30500;KELP;2030;29;;;;;2032;7;2033;29;;;2031.0;0.0
0;30600;RAINFOREST_RESIN;9995;30;;;;;10005;30;;;;;10000.0;0.0
0;30600;KELP;2030;30;;;;;2032;8;2033;30;;;2031.0;0.0
0;30600;SQUID_INK;1964;30;;;;;1966;8;1967;30;;;1965.0;0.0
0;30700;KELP;2030;22;;;;;2033;23;;;;;2031.5;0.0
0;30700;RAINFOREST_RESIN;9996;1;9995;22;;;10004;1;10005;22;;;10000.0;0.0
0;30700;SQUID_INK;1960;22;;;;;1963;23;;;;;1961.5;0.0
0;30800;SQUID_INK;1963;3;1962;29;;;1966;29;;;;;1964.5;0.0
0;30800;KELP;2030;32;;;;;2033;29;;;;;2031.5;0.0
0;30800;RAINFOREST_RESIN;9995;29;;;;;10005;29;;;;;10000.0;0.0
0;30900;RAINFOREST_RESIN;9998;2;9995;23;;;10005;23;;;;;10001.5;0.0
0;30900;SQUID_INK;1962;6;1961;23;;;1965;23;;;;;1963.5;0.0
0;30900;KELP;2030;29;;;;;2033;23;;;;;2031.5;0.0
0;31000;RAINFOREST_RESIN;9995;20;;;;;10005;20;;;;;10000.0;0.0
0;31000;SQUID_INK;1962;20;;;;;1966;20;;;;;1964.0;0.0
0;31000;KELP;2030;20;;;;;2033;20;;;;;2031.5;0.0
0;31100;KELP;2030;22;;;;;2033;22;;;;;2031.5;0.0
0;31100;RAINFOREST_RESIN;9996;1;9995;21;;;10004;1;10005;21;;;10000.0;0.0
0;31100;SQUID_INK;1961;22;;;;;1965;22;;;;;1963.0;0.0
0;31200;SQUID_INK;1963;28;;;;;1966;2;1967;27;;;1964.5;0.0
0;31200;KELP;2030;28;;;;;2033;29;;;;;2031.5;0.0
0;31200;RAINFOREST_RESIN;9996;2;9995;27;;;10004;2;10005;27;;;10000.0;0.0
0;31300;RAINFOREST_RESIN;9995;30;;;;;10005;30;;;;;10000.0;0.0
0;31300;SQUID_INK;1963;30;;;;;1965;7;1966;30;;;1964.0;0.0
0;31300;KELP;2030;30;;;;;2032;7;2033;30;;;2031.0;0.0
0;31400;RAINFOREST_RESIN;9996;2;9995;30;;;10004;2;10005;30;;;10000.0;0.0
0;31400;SQUID_INK;1962;37;;;;;1965;32;;;;;1963.5;0.0
0;31400;KELP;2030;37;;;;;2033;32;;;;;2031.5;0.0
0;31500;KELP;2030;22;;;;;2032;1;2033;23;;;2031.0;0.0
0;31500;RAINFOREST_RESIN;9995;23;;;;;10005;23;;;;;10000.0;0.0
0;31500;SQUID_INK;1964;22;;;;;1966;1;1968;23;;;1965.0;0.0
0;31600;SQUID_INK;1963;32;;;;;1967;32;;;;;1965.0;0.0
0;31600;KELP;2030;32;;;;;2033;32;;;;;2031.5;0.0
0;31600;RAINFOREST_RESIN;9998;2;9996;2;9995;30;10004;2;10005;30;;;10001.0;0.0
0;31700;RAINFOREST_RESIN;9995;29;;;;;9998;4;10002;2;10005;29;9996.5;0.0
0;31700;SQUID_INK;1963;29;;;;;1966;29;;;;;1964.5;0.0
0;31700;KELP;2030;29;;;;;2033;29;;;;;2031.5;0.0
0;31800;RAINFOREST_RESIN;9995;21;;;;;10005;21;;;;;10000.0;0.0
0;31800;SQUID_INK;1963;21;;;;;1966;21;;;;;1964.5;0.0
0;31800;KELP;2030;21;;;;;2033;21;;;;;2031.5;0.0
0;31900;KELP;2030;29;;;;;2033;29;;;;;2031.5;0.0
0;31900;RAINFOREST_RESIN;9998;9;9996;2;9995;27;10004;2;10005;27;;;10001.0;0.0
0;31900;SQUID_INK;1964;29;;;;;1968;29;;;;;1966.0;0.0
0;32000;SQUID_INK;1962;30;;;;;1963;4;1964;8;1965;30;1962.5;0.0
0;32000;KELP;2030;30;;;;;2031;4;2032;8;2033;30;2030.5;0.0
0;32000;RAINFOREST_RESIN;9996;1;9995;29;;;10000;3;10004;1;10005;29;9998.0;0.0
0;32100;RAINFOREST_RESIN;9996;1;9995;30;;;10004;1;10005;30;;;10000.0;0.0
0;32100;SQUID_INK;1962;31;;;;;1964;6;1965;31;;;1963.0;0.0
0;32100;KELP;2030;31;;;;;2032;6;2033;31;;;2031.0;0.0
0;32200;RAINFOREST_RESIN;9996;1;9995;25;;;10002;7;10004;1;10005;25;9999.0;0.0
0;32200;SQUID_INK;1963;1;1961;26;;;1964;26;;;;;1963.5;0.0
0;32200;KELP;2032;1;2030;26;;;2033;26;;;;;2032.5;0.0
0;32300;KELP;2030;26;;;;;2033;26;;;;;2031.5;0.0
0;32300;RAINFOREST_RESIN;9996;1;9995;25;;;10002;6;10004;1;10005;25;9999.0;0.0
0;32300;SQUID_INK;1959;26;;;;;1962;26;;;;;1960.5;0.0
0;32400;SQUID_INK;1958;29;;;;;1959;1;1962;29;;;1958.5;0.0
0;32400;KELP;2029;29;;;;;2030;1;2033;29;;;2029.5;0.0
0;32400;RAINFOREST_RESIN;9996;2;9995;27;;;10002;1;10004;2;10005;27;9999.0;0.0
0;32500;RAINFOREST_RESIN;9996;2;9995;23;;;10004;2;10005;23;;;10000.0;0.0
0;32500;SQUID_INK;1961;1;1959;25;;;1962;25;;;;;1961.5;0.0
0;32500;KELP;2032;1;2029;25;;;2033;25;;;;;2032.5;0.0
0;32600;RAINFOREST_RESIN;9995;30;;;;;10005;30;;;;;10000.0;0.0
0;32600;SQUID_INK;1958;30;;;;;1960;8;1962;30;;;1959.0;0.0
0;32600;KELP;2029;30;;;;;2031;8;2033;30;;;2030.0;0.0
0;32700;KELP;2029;27;;;;;2032;27;;;;;2030.5;0.0
0;32700;RAINFOREST_RESIN;10002;1;9996;1;9995;26;10004;1;10005;26;;;10003.0;0.0
0;32700;SQUID_INK;1958;27;;;;;1961;27;;;;;1959.5;0.0
0;32800;SQUID_INK;1957;18;;;;;1959;3;1960;23;;;1958.0;0.0
0;32800;KELP;2029;23;;;;;2030;5;2031;3;2033;23;2029.5;0.0
0;32800;RAINFOREST_RESIN;9995;23;;;;;10005;23;;;;;10000.0;0.0
0;32900;RAINFOREST_RESIN;9996;1;9995;23;;;10002;1;10004;1;10005;23;9999.0;0.0
0;32900;SQUID_INK;1956;24;;;;;1958;6;1960;24;;;1957.0;0.0
0;32900;KELP;2030;24;;;;;2032;6;2033;24;;;2031.0;0.0
0;33000;RAINFOREST_RESIN;10002;1;9996;1;9995;27;10004;1;10005;27;;;10003.0;0.0
0;33000;SQUID_INK;1956;28;;;;;1958;6;1959;28;;;1957.0;0.0
0;33000;KELP;2030;28;;;;;2032;6;2033;28;;;2031.0;0.0
0;33100;KELP;2030;24;;;;;2032;2;2033;24;;;2031.0;0.0
0;33100;RAINFOREST_RESIN;9995;24;;;;;10005;24;;;;;10000.0;0.0
0;33100;SQUID_INK;1955;24;;;;;1957;2;1958;24;;;1956.0;0.0
0;33200;SQUID_INK;1955;31;;;;;1958;25;;;;;1956.5;0.0
0;33200;KELP;2030;31;;;;;2033;25;;;;;2031.5;0.0
0;33200;RAINFOREST_RESIN;9995;25;;;;;10002;9;10005;25;;;9998.5;0.0
0;33300;RAINFOREST_RESIN;9996;2;9995;24;;;10002;7;10004;2;10005;24;9999.0;0.0
0;33300;SQUID_INK;1954;26;;;;;1957;2;1958;24;;;1955.5;0.0
0;33300;KELP;2030;26;;;;;2033;26;;;;;2031.5;0.0
0;33400;RAINFOREST_RESIN;9995;27;;;;;10005;27;;;;;10000.0;0.0
0;33400;SQUID_INK;1955;27;;;;;1957;6;1958;27;;;1956.0;0.0
0;33400;KELP;2030;27;;;;;2032;6;2033;27;;;2031.0;0.0
0;33500;KELP;2030;25;;;;;2032;8;2033;25;;;2031.0;0.0
0;33500;RAINFOREST_RESIN;9998;10;9995;25;;;10005;25;;;;;10001.5;0.0
0;33500;SQUID_INK;1955;25;;;;;1956;8;1958;25;;;1955.5;0.0
0;33600;SQUID_INK;1955;26;;;;;1958;27;;;;;1956.5;0.0
0;33600;KELP;2030;26;;;;;2033;27;;;;;2031.5;0.0
0;33600;RAINFOREST_RESIN;9995;27;;;;;10005;27;;;;;10000.0;0.0
0;33700;RAINFOREST_RESIN;9998;7;9996;1;9995;22;10004;1;10005;22;;;10001.0;0.0
0;33700;SQUID_INK;1957;28;;;;;1960;23;;;;;1958.5;0.0
0;33700;KELP;2030;28;;;;;2033;23;;;;;2031.5;0.0
0;33800;RAINFOREST_RESIN;10002;1;9995;26;;;10005;26;;;;;10003.5;0.0
0;33800;SQUID_INK;1957;26;;;;;1960;26;;;;;1958.5;0.0
0;33800;KELP;2029;26;;;;;2033;26;;;;;2031.0;0.0
0;33900;KELP;2030;8;2029;24;;;2033;24;;;;;2031.5;0.0
0;33900;RAINFOREST_RESIN;9995;24;;;;;10005;24;;;;;10000.0;0.0
0;33900;SQUID_INK;1956;32;;;;;1959;24;;;;;1957.5;0.0
0;34000;SQUID_INK;1957;7;1956;24;;;1960;25;;;;;1958.5;0.0
0;34000;KELP;2030;6;2029;25;;;2033;25;;;;;2031.5;0.0
0;34000;RAINFOREST_RESIN;10002;1;9996;1;9995;24;10004;1;10005;24;;;10003.0;0.0
0;34100;RAINFOREST_RESIN;9996;1;9995;26;;;10004;1;10005;26;;;10000.0;0.0
0;34100;SQUID_INK;1957;27;;;;;1960;27;;;;;1958.5;0.0
0;34100;KELP;2029;27;;;;;2033;27;;;;;2031.0;0.0
0;34200;RAINFOREST_RESIN;9996;1;9995;26;;;10004;1;10005;26;;;10000.0;0.0
0;34200;SQUID_INK;1957;28;;;;;1960;27;;;;;1958.5;0.0
0;34200;KELP;2030;1;2029;27;;;2033;27;;;;;2031.5;0.0
0;34300;KELP;2030;1;2029;20;;;2033;22;;;;;2031.5;0.0
0;34300;RAINFOREST_RESIN;9996;2;9995;20;;;10004;2;10005;20;;;10000.0;0.0
0;34300;SQUID_INK;1957;21;;;;;1960;22;;;;;1958.5;0.0
0;34400;SQUID_INK;1957;24;;;;;1960;25;;;;;1958.5;0.0
0;34400;KELP;2030;24;;;;;2033;25;;;;;2031.5;0.0
0;34400;RAINFOREST_RESIN;9996;2;9995;23;;;10004;2;10005;23;;;10000.0;0.0
0;34500;RAINFOREST_RESIN;9995;25;;;;;10002;2;10005;25;;;9998.5;0.0
0;34500;SQUID_INK;1956;25;;;;;1958;6;1960;25;;;1957.0;0.0
0;34500;KELP;2030;25;;;;;2032;6;2033;25;;;2031.0;0.0
0;34600;RAINFOREST_RESIN;9995;22;;;;;10005;22;;;;;10000.0;0.0
0;34600;SQUID_INK;1957;22;;;;;1959;2;1960;22;;;1958.0;0.0
0;34600;KELP;2030;22;;;;;2032;2;2033;22;;;2031.0;0.0
0;34700;KELP;2029;29;;;;;2033;29;;;;;2031.0;0.0
0;34700;RAINFOREST_RESIN;9995;29;;;;;9998;5;10005;29;;;9996.5;0.0
0;34700;SQUID_INK;1958;29;;;;;1962;29;;;;;1960.0;0.0
0;34800;RAINFOREST_RESIN;10002;1;10000;2;9995;24;10005;24;;;;;10003.5;0.0
0;34800;SQUID_INK;1959;2;1958;24;;;1962;24;;;;;1960.5;0.0
0;34800;KELP;2031;2;2029;24;;;2033;24;;;;;2032.0;0.0
0;34900;SQUID_INK;1959;23;;;;;1962;24;;;;;1960.5;0.0
0;34900;KELP;2029;24;;;;;2030;1;2033;24;;;2029.5;0.0
0;34900;RAINFOREST_RESIN;9996;2;9995;22;;;10004;2;10005;22;;;10000.0;0.0
0;35000;RAINFOREST_RESIN;9996;2;9995;20;;;10002;10;10004;2;10005;20;9999.0;0.0
0;35000;SQUID_INK;1959;25;;;;;1962;22;;;;;1960.5;0.0
0;35000;KELP;2030;3;2029;22;;;2033;22;;;;;2031.5;0.0
0;35100;KELP;2030;27;;;;;2033;26;;;;;2031.5;0.0
0;35100;RAINFOREST_RESIN;9996;1;9995;25;;;10004;1;10005;25;;;10000.0;0.0
0;35100;SQUID_INK;1958;2;1957;25;;;1961;26;;;;;1959.5;0.0
0;35200;RAINFOREST_RESIN;9995;24;;;;;10005;24;;;;;10000.0;0.0
0;35200;SQUID_INK;1958;23;;;;;1960;5;1961;24;;;1959.0;0.0
0;35200;KELP;2030;23;;;;;2032;5;2033;24;;;2031.0;0.0
0;35300;SQUID_INK;1959;24;;;;;1963;24;;;;;1961.0;0.0
0;35300;KELP;2030;24;;;;;2034;24;;;;;2032.0;0.0
0;35300;RAINFOREST_RESIN;9998;9;9995;24;;;10005;24;;;;;10001.5;0.0
0;35400;SQUID_INK;1957;22;;;;;1959;7;1960;22;;;1958.0;0.0
0;35400;RAINFOREST_RESIN;9995;22;;;;;10005;22;;;;;10000.0;0.0
0;35400;KELP;2030;22;;;;;2032;7;2033;22;;;2031.0;0.0
0;35500;SQUID_INK;1957;25;;;;;1958;1;1961;25;;;1957.5;0.0
0;35500;KELP;2030;24;;;;;2034;25;;;;;2032.0;0.0
0;35500;RAINFOREST_RESIN;10002;5;9995;25;;;10005;25;;;;;10003.5;0.0
0;35600;RAINFOREST_RESIN;9998;10;9996;1;9995;26;10004;1;10005;26;;;10001.0;0.0
0;35600;KELP;2030;26;;;;;2033;1;2034;26;;;2031.5;0.0
0;35600;SQUID_INK;1957;26;;;;;1960;27;;;;;1958.5;0.0
0;35700;SQUID_INK;1956;27;;;;;1960;27;;;;;1958.0;0.0
0;35700;KELP;2030;27;;;;;2033;1;2034;26;;;2031.5;0.0
0;35700;RAINFOREST_RESIN;10002;1;9996;1;9995;26;10004;1;10005;26;;;10003.0;0.0
0;35800;SQUID_INK;1957;30;;;;;1960;30;;;;;1958.5;0.0
0;35800;RAINFOREST_RESIN;9996;2;9995;28;;;10004;2;10005;28;;;10000.0;0.0
0;35800;KELP;2030;30;;;;;2033;2;2034;28;;;2031.5;0.0
0;35900;SQUID_INK;1958;30;;;;;1960;6;1961;30;;;1959.0;0.0
0;35900;KELP;2030;30;;;;;2032;6;2034;30;;;2031.0;0.0
0;35900;RAINFOREST_RESIN;9996;1;9995;29;;;10002;3;10004;1;10005;29;9999.0;0.0
0;36000;RAINFOREST_RESIN;9995;28;;;;;9998;1;10005;28;;;9996.5;0.0
0;36000;KELP;2030;28;;;;;2034;28;;;;;2032.0;0.0
0;36000;SQUID_INK;1957;28;;;;;1961;28;;;;;1959.0;0.0
0;36100;SQUID_INK;1957;26;;;;;1960;26;;;;;1958.5;0.0
0;36100;KELP;2030;26;;;;;2033;26;;;;;2031.5;0.0
0;36100;RAINFOREST_RESIN;9995;26;;;;;9998;4;10005;26;;;9996.5;0.0
0;36200;SQUID_INK;1955;31;;;;;1958;30;;;;;1956.5;0.0
0;36200;RAINFOREST_RESIN;9996;1;9995;29;;;10002;3;10004;1;10005;29;9999.0;0.0
0;36200;KELP;2030;31;;;;;2033;30;;;;;2031.5;0.0
0;36300;SQUID_INK;1956;22;;;;;1957;1;1960;22;;;1956.5;0.0
0;36300;KELP;2030;21;;;;;2033;22;;;;;2031.5;0.0
0;36300;RAINFOREST_RESIN;9995;22;;;;;9998;1;10005;22;;;9996.5;0.0
0;36400;RAINFOREST_RESIN;9996;1;9995;27;;;10002;5;10004;1;10005;27;9999.0;0.0
0;36400;KELP;2030;28;;;;;2032;1;2033;28;;;2031.0;0.0
0;36400;SQUID_INK;1959;28;;;;;1961;1;1962;1;1963;27;1960.0;0.0
0;36500;SQUID_INK;1958;27;;;;;1961;27;;;;;1959.5;0.0
0;36500;KELP;2029;27;;;;;2033;27;;;;;2031.0;0.0
0;36500;RAINFOREST_RESIN;9996;1;9995;26;;;10002;10;10004;1;10005;26;9999.0;0.0
0;36600;SQUID_INK;1958;21;;;;;1961;21;;;;;1959.5;0.0
0;36600;RAINFOREST_RESIN;10002;4;9998;1;9995;21;10005;21;;;;;10003.5;0.0
0;36600;KELP;2029;21;;;;;2033;21;;;;;2031.0;0.0
0;36700;SQUID_INK;1957;30;;;;;1958;1;1961;30;;;1957.5;0.0
0;36700;KELP;2030;29;;;;;2033;30;;;;;2031.5;0.0
0;36700;RAINFOREST_RESIN;10002;1;9995;30;;;10005;30;;;;;10003.5;0.0
0;36800;RAINFOREST_RESIN;10002;1;9996;1;9995;26;10004;1;10005;26;;;10003.0;0.0
0;36800;KELP;2031;3;2030;27;;;2033;27;;;;;2032.0;0.0
0;36800;SQUID_INK;1961;3;1959;27;;;1962;27;;;;;1961.5;0.0
0;36900;SQUID_INK;1959;31;;;;;1962;2;1963;29;;;1960.5;0.0
0;36900;KELP;2029;31;;;;;2033;31;;;;;2031.0;0.0
0;36900;RAINFOREST_RESIN;9996;2;9995;29;;;10002;3;10004;2;10005;29;9999.0;0.0
0;37000;SQUID_INK;1961;3;1960;23;;;1964;23;;;;;1962.5;0.0
0;37000;RAINFOREST_RESIN;9998;4;9995;23;;;10005;23;;;;;10001.5;0.0
0;37000;KELP;2030;3;2029;23;;;2033;23;;;;;2031.5;0.0
0;37100;SQUID_INK;1963;1;1961;24;;;1964;24;;;;;1963.5;0.0
0;37100;KELP;2032;1;2029;24;;;2033;24;;;;;2032.5;0.0
0;37100;RAINFOREST_RESIN;9996;1;9995;23;;;10004;1;10005;23;;;10000.0;0.0
0;37200;RAINFOREST_RESIN;9998;2;9995;22;;;10005;22;;;;;10001.5;0.0
0;37200;KELP;2029;22;;;;;2033;22;;;;;2031.0;0.0
0;37200;SQUID_INK;1960;22;;;;;1964;22;;;;;1962.0;0.0
0;37300;SQUID_INK;1957;27;;;;;1960;27;;;;;1958.5;0.0
0;37300;KELP;2029;27;;;;;2033;27;;;;;2031.0;0.0
0;37300;RAINFOREST_RESIN;10002;5;9995;27;;;10005;27;;;;;10003.5;0.0
0;37400;SQUID_INK;1958;23;;;;;1961;23;;;;;1959.5;0.0
0;37400;RAINFOREST_RESIN;9996;1;9995;22;;;10004;1;10005;22;;;10000.0;0.0
0;37400;KELP;2029;23;;;;;2033;23;;;;;2031.0;0.0
0;37500;SQUID_INK;1958;1;1957;8;1956;29;1960;29;;;;;1959.0;0.0
0;37500;RAINFOREST_RESIN;10002;1;9998;2;9995;29;10005;29;;;;;10003.5;0.0
0;37500;KELP;2032;1;2030;37;;;2033;29;;;;;2032.5;0.0
0;37600;RAINFOREST_RESIN;9996;2;9995;24;;;10004;2;10005;24;;;10000.0;0.0
0;37600;KELP;2029;26;;;;;2033;26;;;;;2031.0;0.0
0;37600;SQUID_INK;1957;26;;;;;1960;2;1961;24;;;1958.5;0.0
0;37700;KELP;2032;1;2030;1;2029;28;2033;29;;;;;2032.5;0.0
0;37700;SQUID_INK;1959;1;1957;29;;;1960;29;;;;;1959.5;0.0
0;37700;RAINFOREST_RESIN;9996;1;9995;28;;;10004;1;10005;28;;;10000.0;0.0
0;37800;KELP;2030;8;2029;27;;;2033;29;;;;;2031.5;0.0
0;37800;SQUID_INK;1957;35;;;;;1960;29;;;;;1958.5;0.0
0;37800;RAINFOREST_RESIN;9996;2;9995;27;;;10004;2;10005;27;;;10000.0;0.0
0;37900;SQUID_INK;1957;20;;;;;1958;3;1960;29;;;1957.5;0.0
0;37900;RAINFOREST_RESIN;9996;2;9995;27;;;10000;3;10004;2;10005;27;9998.0;0.0
0;37900;KELP;2030;20;;;;;2031;3;2033;29;;;2030.5;0.0
0;38000;RAINFOREST_RESIN;9995;25;;;;;10002;5;10005;25;;;9998.5;0.0
0;38000;KELP;2030;29;;;;;2033;25;;;;;2031.5;0.0
0;38000;SQUID_INK;1957;4;1956;25;;;1960;25;;;;;1958.5;0.0
0;38100;KELP;2030;27;;;;;2033;28;;;;;2031.5;0.0
0;38100;SQUID_INK;1955;27;;;;;1958;28;;;;;1956.5;0.0
0;38100;RAINFOREST_RESIN;9995;28;;;;;10005;28;;;;;10000.0;0.0
0;38200;KELP;2030;23;;;;;2033;23;;;;;2031.5;0.0
0;38200;SQUID_INK;1955;23;;;;;1959;23;;;;;1957.0;0.0
0;38200;RAINFOREST_RESIN;9995;23;;;;;9998;2;10005;23;;;9996.5;0.0
0;38300;SQUID_INK;1955;27;;;;;1958;27;;;;;1956.5;0.0
0;38300;RAINFOREST_RESIN;9996;1;9995;26;;;10004;1;10005;26;;;10000.0;0.0
0;38300;KELP;2030;27;;;;;2033;27;;;;;2031.5;0.0
0;38400;RAINFOREST_RESIN;10002;1;9995;21;;;10005;21;;;;;10003.5;0.0
0;38400;KELP;2030;20;;;;;2033;21;;;;;2031.5;0.0
0;38400;SQUID_INK;1957;20;;;;;1960;21;;;;;1958.5;0.0
0;38500;KELP;2032;1;2030;29;;;2033;25;;;;;2032.5;0.0
0;38500;SQUID_INK;1958;1;1956;29;;;1959;25;;;;;1958.5;0.0
0;38500;RAINFOREST_RESIN;10002;1;9996;2;9995;23;10004;2;10005;23;;;10003.0;0.0
0;38600;KELP;2030;27;;;;;2033;27;;;;;2031.5;0.0
0;38600;SQUID_INK;1955;27;;;;;1959;27;;;;;1957.0;0.0
0;38600;RAINFOREST_RESIN;10002;5;9995;27;;;10005;27;;;;;10003.5;0.0
0;38700;SQUID_INK;1957;4;1955;30;;;1958;1;1959;29;;;1957.5;0.0
0;38700;RAINFOREST_RESIN;9996;1;9995;29;;;10004;1;10005;29;;;10000.0;0.0
0;38700;KELP;2032;4;2030;30;;;2033;30;;;;;2032.5;0.0
0;38800;RAINFOREST_RESIN;9995;27;;;;;10005;27;;;;;10000.0;0.0
0;38800;KELP;2032;4;2030;27;;;2033;27;;;;;2032.5;0.0
0;38800;SQUID_INK;1958;4;1956;27;;;1960;27;;;;;1959.0;0.0
0;38900;KELP;2030;26;;;;;2032;7;2033;26;;;2031.0;0.0
0;38900;SQUID_INK;1958;26;;;;;1960;7;1961;26;;;1959.0;0.0
0;38900;RAINFOREST_RESIN;9996;1;9995;25;;;10004;1;10005;25;;;10000.0;0.0
0;39000;KELP;2030;29;;;;;2033;29;;;;;2031.5;0.0
0;39000;SQUID_INK;1957;29;;;;;1960;29;;;;;1958.5;0.0
0;39000;RAINFOREST_RESIN;9995;29;;;;;10005;29;;;;;10000.0;0.0
0;39100;SQUID_INK;1958;30;;;;;1959;6;1961;30;;;1958.5;0.0
0;39100;RAINFOREST_RESIN;9996;1;9995;29;;;10002;10;10004;1;10005;29;9999.0;0.0
0;39100;KELP;2030;30;;;;;2032;6;2033;30;;;2031.0;0.0
0;39200;RAINFOREST_RESIN;9995;24;;;;;10005;24;;;;;10000.0;0.0
0;39200;KELP;2032;1;2030;24;;;2033;24;;;;;2032.5;0.0
0;39200;SQUID_INK;1960;1;1957;24;;;1961;24;;;;;1960.5;0.0
0;39300;KELP;2030;27;;;;;2033;27;;;;;2031.5;0.0
0;39300;RAINFOREST_RESIN;9998;3;9996;1;9995;26;10004;1;10005;26;;;10001.0;0.0
0;39300;SQUID_INK;1957;27;;;;;1960;27;;;;;1958.5;0.0
0;39400;KELP;2029;29;;;;;2032;2;2033;27;;;2030.5;0.0
0;39400;SQUID_INK;1958;29;;;;;1961;29;;;;;1959.5;0.0
0;39400;RAINFOREST_RESIN;9996;2;9995;27;;;10004;2;10005;27;;;10000.0;0.0
0;39500;RAINFOREST_RESIN;9996;2;9995;20;;;10004;2;10005;20;;;10000.0;0.0
0;39500;SQUID_INK;1956;22;;;;;1960;22;;;;;1958.0;0.0
0;39500;KELP;2029;22;;;;;2033;22;;;;;2031.0;0.0
0;39600;RAINFOREST_RESIN;9995;22;;;;;10005;22;;;;;10000.0;0.0
0;39600;KELP;2029;22;;;;;2033;22;;;;;2031.0;0.0
0;39600;SQUID_INK;1957;22;;;;;1960;22;;;;;1958.5;0.0
0;39700;KELP;2029;20;;;;;2033;20;;;;;2031.0;0.0
0;39700;RAINFOREST_RESIN;9995;20;;;;;10005;20;;;;;10000.0;0.0
0;39700;SQUID_INK;1957;20;;;;;1961;20;;;;;1959.0;0.0
0;39800;SQUID_INK;1957;31;;;;;1960;31;;;;;1958.5;0.0
0;39800;KELP;2029;31;;;;;2032;31;;;;;2030.5;0.0
0;39800;RAINFOREST_RESIN;9996;1;9995;30;;;10002;3;10004;1;10005;30;9999.0;0.0
0;39900;RAINFOREST_RESIN;9998;1;9996;2;9995;30;10004;2;10005;30;;;10001.0;0.0
0;39900;SQUID_INK;1957;32;;;;;1960;32;;;;;1958.5;0.0
0;39900;KELP;2029;2;2028;30;;;2032;32;;;;;2030.5;0.0
0;40000;RAINFOREST_RESIN;9998;9;9996;1;9995;30;10004;1;10005;30;;;10001.0;0.0
0;40000;SQUID_INK;1956;31;;;;;1959;31;;;;;1957.5;0.0
0;40000;KELP;2029;1;2028;30;;;2032;31;;;;;2030.5;0.0
0;40100;KELP;2028;27;;;;;2032;27;;;;;2030.0;0.0
0;40100;RAINFOREST_RESIN;10002;1;9995;27;;;10005;27;;;;;10003.5;0.0
0;40100;SQUID_INK;1954;27;;;;;1957;27;;;;;1955.5;0.0
0;40200;SQUID_INK;1953;23;;;;;1956;23;;;;;1954.5;0.0
0;40200;KELP;2029;1;2028;22;;;2032;23;;;;;2030.5;0.0
0;40200;RAINFOREST_RESIN;9996;1;9995;22;;;10002;7;10004;1;10005;22;9999.0;0.0
0;40300;RAINFOREST_RESIN;9996;1;9995;24;;;10000;4;10004;1;10005;24;9998.0;0.0
0;40300;SQUID_INK;1954;3;1953;24;;;1955;4;1957;25;;;1954.5;0.0
0;40300;KELP;2028;25;;;;;2029;2;2032;25;;;2028.5;0.0
0;40400;RAINFOREST_RESIN;9996;1;9995;20;;;10002;10;10004;1;10005;20;9999.0;0.0
0;40400;SQUID_INK;1950;21;;;;;1954;21;;;;;1952.0;0.0
0;40400;KELP;2029;1;2028;20;;;2032;21;;;;;2030.5;0.0
0;40500;KELP;2029;24;;;;;2032;24;;;;;2030.5;0.0
0;40500;RAINFOREST_RESIN;9995;24;;;;;10005;24;;;;;10000.0;0.0
0;40500;SQUID_INK;1949;24;;;;;1952;24;;;;;1950.5;0.0
0;40600;SQUID_INK;1947;26;;;;;1950;26;;;;;1948.5;0.0
0;40600;KELP;2029;26;;;;;2032;26;;;;;2030.5;0.0
0;40600;RAINFOREST_RESIN;9996;2;9995;24;;;9998;7;10004;2;10005;24;9997.0;0.0
0;40700;RAINFOREST_RESIN;9996;2;9995;24;;;10004;2;10005;24;;;10000.0;0.0
0;40700;SQUID_INK;1947;26;;;;;1950;2;1951;24;;;1948.5;0.0
0;40700;KELP;2029;26;;;;;2032;26;;;;;2030.5;0.0
0;40800;RAINFOREST_RESIN;9995;29;;;;;10005;29;;;;;10000.0;0.0
0;40800;SQUID_INK;1947;29;;;;;1950;29;;;;;1948.5;0.0
0;40800;KELP;2029;29;;;;;2032;29;;;;;2030.5;0.0
0;40900;KELP;2028;22;;;;;2032;22;;;;;2030.0;0.0
0;40900;RAINFOREST_RESIN;9995;22;;;;;10005;22;;;;;10000.0;0.0
0;40900;SQUID_INK;1947;22;;;;;1950;22;;;;;1948.5;0.0
0;41000;SQUID_INK;1945;22;;;;;1948;22;;;;;1946.5;0.0
0;41000;KELP;2029;22;;;;;2032;22;;;;;2030.5;0.0
0;41000;RAINFOREST_RESIN;9998;5;9995;22;;;10005;22;;;;;10001.5;0.0
0;41100;RAINFOREST_RESIN;9996;1;9995;22;;;10004;1;10005;22;;;10000.0;0.0
0;41100;SQUID_INK;1941;23;;;;;1945;23;;;;;1943.0;0.0
0;41100;KELP;2029;23;;;;;2032;23;;;;;2030.5;0.0
0;41200;RAINFOREST_RESIN;9996;1;9995;25;;;9998;8;10004;1;10005;25;9997.0;0.0
0;41200;SQUID_INK;1944;3;1943;1;1942;25;1946;26;;;;;1945.0;0.0
0;41200;KELP;2031;3;2029;26;;;2032;26;;;;;2031.5;0.0
0;41300;KELP;2029;21;;;;;2030;6;2032;1;2033;20;2029.5;0.0
0;41300;RAINFOREST_RESIN;9996;1;9995;20;;;10000;6;10002;2;10004;1;9998.0;0.0
0;41300;SQUID_INK;1943;1;1942;20;;;1944;6;1946;21;;;1943.5;0.0
0;41400;SQUID_INK;1938;22;;;;;1941;23;;;;;1939.5;0.0
0;41400;KELP;2029;22;;;;;2033;23;;;;;2031.0;0.0
0;41400;RAINFOREST_RESIN;9995;23;;;;;10005;23;;;;;10000.0;0.0
0;41500;RAINFOREST_RESIN;9998;5;9995;30;;;10005;30;;;;;10001.5;0.0
0;41500;SQUID_INK;1941;30;;;;;1942;2;1944;30;;;1941.5;0.0
0;41500;KELP;2029;30;;;;;2030;2;2033;30;;;2029.5;0.0
0;41600;RAINFOREST_RESIN;9996;1;9995;27;;;9998;5;10004;1;10005;27;9997.0;0.0
0;41600;SQUID_INK;1940;28;;;;;1943;28;;;;;1941.5;0.0
0;41600;KELP;2029;28;;;;;2032;28;;;;;2030.5;0.0
0;41700;KELP;2029;20;;;;;2032;20;;;;;2030.5;0.0
0;41700;RAINFOREST_RESIN;9995;20;;;;;10005;20;;;;;10000.0;0.0
0;41700;SQUID_INK;1942;20;;;;;1945;20;;;;;1943.5;0.0
0;41800;SQUID_INK;1944;35;;;;;1947;30;;;;;1945.5;0.0
0;41800;KELP;2029;35;;;;;2032;30;;;;;2030.5;0.0
0;41800;RAINFOREST_RESIN;9996;2;9995;28;;;10002;3;10004;2;10005;28;9999.0;0.0
0;41900;RAINFOREST_RESIN;9998;4;9996;2;9995;28;10004;2;10005;28;;;10001.0;0.0
0;41900;SQUID_INK;1943;30;;;;;1944;2;1945;7;1946;2;1943.5;0.0
0;41900;KELP;2028;30;;;;;2029;2;2030;7;2032;30;2028.5;0.0
0;42000;RAINFOREST_RESIN;9996;2;9995;28;;;10004;2;10005;28;;;10000.0;0.0
0;42000;SQUID_INK;1945;30;;;;;1948;2;1949;28;;;1946.5;0.0
0;42000;KELP;2029;2;2028;28;;;2032;30;;;;;2030.5;0.0
0;42100;KELP;2029;24;;;;;2031;3;2032;24;;;2030.0;0.0
0;42100;RAINFOREST_RESIN;9995;24;;;;;10005;24;;;;;10000.0;0.0
0;42100;SQUID_INK;1947;24;;;;;1949;3;1951;24;;;1948.0;0.0
0;42200;SQUID_INK;1949;29;;;;;1952;26;;;;;1950.5;0.0
0;42200;KELP;2029;29;;;;;2032;26;;;;;2030.5;0.0
0;42200;RAINFOREST_RESIN;9995;26;;;;;10002;4;10005;26;;;9998.5;0.0
0;42300;RAINFOREST_RESIN;10000;4;9995;24;;;10005;24;;;;;10002.5;0.0
0;42300;SQUID_INK;1944;24;;;;;1946;2;1948;24;;;1945.0;0.0
0;42300;KELP;2029;4;2028;24;;;2030;6;2032;24;;;2029.5;0.0
0;42400;RAINFOREST_RESIN;9996;1;9995;24;;;9998;5;10004;1;10005;24;9997.0;0.0
0;42400;SQUID_INK;1949;7;1947;25;;;1950;25;;;;;1949.5;0.0
0;42400;KELP;2030;7;2028;25;;;2031;25;;;;;2030.5;0.0
0;42500;KELP;2028;23;;;;;2030;8;2031;24;;;2029.0;0.0
0;42500;RAINFOREST_RESIN;9996;2;9995;22;;;10004;2;10005;22;;;10000.0;0.0
0;42500;SQUID_INK;1946;23;;;;;1948;8;1949;24;;;1947.0;0.0
0;42600;SQUID_INK;1947;25;;;;;1949;2;1950;25;;;1948.0;0.0
0;42600;KELP;2028;25;;;;;2030;2;2031;25;;;2029.0;0.0
0;42600;RAINFOREST_RESIN;9995;25;;;;;10002;10;10005;25;;;9998.5;0.0
0;42700;RAINFOREST_RESIN;9996;2;9995;20;;;10004;2;10005;20;;;10000.0;0.0
0;42700;SQUID_INK;1949;21;;;;;1952;22;;;;;1950.5;0.0
0;42700;KELP;2028;21;;;;;2031;22;;;;;2029.5;0.0
0;42800;RAINFOREST_RESIN;9995;23;;;;;10005;23;;;;;10000.0;0.0
0;42800;SQUID_INK;1948;23;;;;;1952;23;;;;;1950.0;0.0
0;42800;KELP;2028;23;;;;;2031;23;;;;;2029.5;0.0
0;42900;KELP;2028;22;;;;;2030;7;2031;22;;;2029.0;0.0
0;42900;RAINFOREST_RESIN;9995;22;;;;;10005;22;;;;;10000.0;0.0
0;42900;SQUID_INK;1948;22;;;;;1950;7;1951;22;;;1949.0;0.0
0;43000;SQUID_INK;1950;25;;;;;1953;25;;;;;1951.5;0.0
0;43000;KELP;2028;25;;;;;2031;25;;;;;2029.5;0.0
0;43000;RAINFOREST_RESIN;10002;7;9996;1;9995;24;10004;1;10005;24;;;10003.0;0.0
0;43100;RAINFOREST_RESIN;9996;2;9995;23;;;10002;3;10004;2;10005;23;9999.0;0.0
0;43100;SQUID_INK;1948;25;;;;;1951;25;;;;;1949.5;0.0
0;43100;KELP;2028;2;2027;23;;;2031;25;;;;;2029.5;0.0
0;43200;RAINFOREST_RESIN;9996;1;9995;27;;;10000;1;10004;1;10005;27;9998.0;0.0
0;43200;SQUID_INK;1948;28;;;;;1949;2;1952;28;;;1948.5;0.0
0;43200;KELP;2028;28;;;;;2029;2;2031;28;;;2028.5;0.0
0;43300;KELP;2028;20;;;;;2031;20;;;;;2029.5;0.0
0;43300;RAINFOREST_RESIN;9995;20;;;;;10005;20;;;;;10000.0;0.0
0;43300;SQUID_INK;1947;20;;;;;1951;20;;;;;1949.0;0.0
0;43400;SQUID_INK;1947;28;;;;;1951;29;;;;;1949.0;0.0
0;43400;KELP;2028;29;;;;;2029;1;2032;29;;;2028.5;0.0
0;43400;RAINFOREST_RESIN;9996;2;9995;27;;;10002;8;10004;2;10005;27;9999.0;0.0
0;43500;RAINFOREST_RESIN;9996;1;9995;23;;;10002;10;10004;1;10005;23;9999.0;0.0
0;43500;SQUID_INK;1947;24;;;;;1951;24;;;;;1949.0;0.0
0;43500;KELP;2028;24;;;;;2031;1;2032;23;;;2029.5;0.0
0;43600;RAINFOREST_RESIN;9995;21;;;;;10002;1;10005;21;;;9998.5;0.0
0;43600;SQUID_INK;1947;21;;;;;1949;8;1950;21;;;1948.0;0.0
0;43600;KELP;2028;21;;;;;2030;8;2032;21;;;2029.0;0.0
0;43700;KELP;2028;36;;;;;2031;28;;;;;2029.5;0.0
0;43700;RAINFOREST_RESIN;9996;2;9995;26;;;10004;2;10005;26;;;10000.0;0.0
0;43700;SQUID_INK;1947;36;;;;;1950;28;;;;;1948.5;0.0
0;43800;RAINFOREST_RESIN;9995;25;;;;;9998;1;10005;25;;;9996.5;0.0
0;43800;SQUID_INK;1946;25;;;;;1949;25;;;;;1947.5;0.0
0;43800;KELP;2027;25;;;;;2031;25;;;;;2029.0;0.0
0;43900;SQUID_INK;1946;34;;;;;1949;28;;;;;1947.5;0.0
0;43900;KELP;2028;34;;;;;2031;28;;;;;2029.5;0.0
0;43900;RAINFOREST_RESIN;9995;28;;;;;10005;28;;;;;10000.0;0.0
0;44000;RAINFOREST_RESIN;10002;4;9996;1;9995;25;10004;1;10005;25;;;10003.0;0.0
0;44000;SQUID_INK;1946;26;;;;;1949;26;;;;;1947.5;0.0
0;44000;KELP;2028;26;;;;;2031;26;;;;;2029.5;0.0
0;44100;SQUID_INK;1948;29;;;;;1951;30;;;;;1949.5;0.0
0;44100;KELP;2028;29;;;;;2031;30;;;;;2029.5;0.0
0;44100;RAINFOREST_RESIN;9996;2;9995;28;;;10004;2;10005;28;;;10000.0;0.0
0;44200;RAINFOREST_RESIN;9998;4;9996;2;9995;20;10004;2;10005;20;;;10001.0;0.0
0;44200;KELP;2028;22;;;;;2031;22;;;;;2029.5;0.0
0;44200;SQUID_INK;1946;22;;;;;1949;2;1950;20;;;1947.5;0.0
0;44300;SQUID_INK;1949;32;;;;;1952;25;;;;;1950.5;0.0
0;44300;KELP;2028;32;;;;;2031;25;;;;;2029.5;0.0
0;44300;RAINFOREST_RESIN;9996;1;9995;24;;;10004;1;10005;24;;;10000.0;0.0
0;44400;SQUID_INK;1947;31;;;;;1950;30;;;;;1948.5;0.0
0;44400;RAINFOREST_RESIN;9996;1;9995;29;;;10004;1;10005;29;;;10000.0;0.0
0;44400;KELP;2028;31;;;;;2031;30;;;;;2029.5;0.0
0;44500;SQUID_INK;1947;27;;;;;1950;27;;;;;1948.5;0.0
0;44500;KELP;2028;27;;;;;2031;27;;;;;2029.5;0.0
0;44500;RAINFOREST_RESIN;9996;1;9995;26;;;10004;1;10005;26;;;10000.0;0.0
0;44600;RAINFOREST_RESIN;9995;23;;;;;10005;23;;;;;10000.0;0.0
0;44600;KELP;2028;23;;;;;2031;23;;;;;2029.5;0.0
0;44600;SQUID_INK;1948;23;;;;;1951;23;;;;;1949.5;0.0
0;44700;SQUID_INK;1948;7;1947;24;;;1950;24;;;;;1949.0;0.0
0;44700;KELP;2028;31;;;;;2031;24;;;;;2029.5;0.0
0;44700;RAINFOREST_RESIN;9996;1;9995;23;;;10002;9;10004;1;10005;23;9999.0;0.0
0;44800;SQUID_INK;1947;24;;;;;1950;24;;;;;1948.5;0.0
0;44800;RAINFOREST_RESIN;9996;2;9995;22;;;10002;10;10004;2;10005;22;9999.0;0.0
0;44800;KELP;2028;24;;;;;2031;24;;;;;2029.5;0.0
0;44900;SQUID_INK;1949;9;1947;26;;;1950;26;;;;;1949.5;0.0
0;44900;KELP;2030;9;2028;26;;;2032;26;;;;;2031.0;0.0
0;44900;RAINFOREST_RESIN;9995;26;;;;;10002;6;10005;26;;;9998.5;0.0
0;45000;RAINFOREST_RESIN;9996;1;9995;26;;;10004;1;10005;26;;;10000.0;0.0
0;45000;KELP;2029;1;2028;26;;;2032;27;;;;;2030.5;0.0
0;45000;SQUID_INK;1948;27;;;;;1951;27;;;;;1949.5;0.0
0;45100;SQUID_INK;1947;27;;;;;1950;27;;;;;1948.5;0.0
0;45100;KELP;2029;27;;;;;2032;27;;;;;2030.5;0.0
0;45100;RAINFOREST_RESIN;9996;2;9995;25;;;9998;1;10004;2;10005;25;9997.0;0.0
0;45200;SQUID_INK;1947;27;;;;;1950;27;;;;;1948.5;0.0
0;45200;RAINFOREST_RESIN;9995;27;;;;;10005;27;;;;;10000.0;0.0
0;45200;KELP;2029;27;;;;;2032;27;;;;;2030.5;0.0
0;45300;SQUID_INK;1947;28;;;;;1950;29;;;;;1948.5;0.0
0;45300;KELP;2029;28;;;;;2032;29;;;;;2030.5;0.0
0;45300;RAINFOREST_RESIN;9996;1;9995;28;;;9998;1;10004;1;10005;28;9997.0;0.0
0;45400;RAINFOREST_RESIN;9996;1;9995;27;;;10004;1;10005;27;;;10000.0;0.0
0;45400;KELP;2029;28;;;;;2032;28;;;;;2030.5;0.0
0;45400;SQUID_INK;1947;28;;;;;1950;28;;;;;1948.5;0.0
0;45500;SQUID_INK;1946;24;;;;;1949;24;;;;;1947.5;0.0
0;45500;KELP;2029;24;;;;;2032;24;;;;;2030.5;0.0
0;45500;RAINFOREST_RESIN;9996;1;9995;23;;;10004;1;10005;23;;;10000.0;0.0
0;45600;SQUID_INK;1946;25;;;;;1948;2;1950;25;;;1947.0;0.0
0;45600;RAINFOREST_RESIN;9996;1;9995;24;;;10004;1;10005;24;;;10000.0;0.0
0;45600;KELP;2029;25;;;;;2031;2;2032;25;;;2030.0;0.0
0;45700;SQUID_INK;1946;30;;;;;1949;30;;;;;1947.5;0.0
0;45700;KELP;2029;30;;;;;2032;30;;;;;2030.5;0.0
0;45700;RAINFOREST_RESIN;10002;4;9995;30;;;10005;30;;;;;10003.5;0.0
0;45800;RAINFOREST_RESIN;9996;2;9995;24;;;10004;2;10005;24;;;10000.0;0.0
0;45800;KELP;2029;26;;;;;2032;26;;;;;2030.5;0.0
0;45800;SQUID_INK;1946;26;;;;;1949;26;;;;;1947.5;0.0
0;45900;SQUID_INK;1945;22;;;;;1947;8;1948;1;1949;21;1946.0;0.0
0;45900;KELP;2029;22;;;;;2031;8;2032;22;;;2030.0;0.0
0;45900;RAINFOREST_RESIN;9996;1;9995;21;;;10002;1;10004;1;10005;21;9999.0;0.0
0;46000;SQUID_INK;1946;27;;;;;1949;27;;;;;1947.5;0.0
0;46000;RAINFOREST_RESIN;9996;2;9995;25;;;9998;5;10004;2;10005;25;9997.0;0.0
0;46000;KELP;2029;27;;;;;2032;27;;;;;2030.5;0.0
0;46100;SQUID_INK;1946;27;;;;;1947;1;1950;27;;;1946.5;0.0
0;46100;KELP;2029;26;;;;;2032;2;2033;25;;;2030.5;0.0
0;46100;RAINFOREST_RESIN;9996;2;9995;25;;;10004;2;10005;25;;;10000.0;0.0
0;46200;RAINFOREST_RESIN;9995;28;;;;;10005;28;;;;;10000.0;0.0
0;46200;KELP;2031;10;2029;30;;;2033;28;;;;;2032.0;0.0
0;46200;SQUID_INK;1948;10;1946;30;;;1949;28;;;;;1948.5;0.0
0;46300;SQUID_INK;1946;23;;;;;1948;4;1949;23;;;1947.0;0.0
0;46300;KELP;2029;23;;;;;2031;4;2033;23;;;2030.0;0.0
0;46300;RAINFOREST_RESIN;9996;1;9995;22;;;10004;1;10005;22;;;10000.0;0.0
0;46400;KELP;2031;10;2029;26;;;2033;26;;;;;2032.0;0.0
0;46400;SQUID_INK;1948;10;1946;26;;;1949;26;;;;;1948.5;0.0
0;46400;RAINFOREST_RESIN;9995;26;;;;;10005;26;;;;;10000.0;0.0
0;46500;SQUID_INK;1945;25;;;;;1946;1;1949;25;;;1945.5;0.0
0;46500;RAINFOREST_RESIN;9996;2;9995;23;;;10002;5;10004;2;10005;23;9999.0;0.0
0;46500;KELP;2030;24;;;;;2033;25;;;;;2031.5;0.0
0;46600;RAINFOREST_RESIN;9996;2;9995;21;;;10002;2;10004;2;10005;21;9999.0;0.0
0;46600;KELP;2030;2;2029;21;;;2033;23;;;;;2031.5;0.0
0;46600;SQUID_INK;1947;23;;;;;1950;23;;;;;1948.5;0.0
0;46700;KELP;2030;26;;;;;2033;23;;;;;2031.5;0.0
0;46700;SQUID_INK;1948;3;1947;23;;;1951;23;;;;;1949.5;0.0
0;46700;RAINFOREST_RESIN;9996;1;9995;22;;;10004;1;10005;22;;;10000.0;0.0
0;46800;KELP;2030;18;;;;;2033;23;;;;;2031.5;0.0
0;46800;SQUID_INK;1947;23;;;;;1948;5;1950;23;;;1947.5;0.0
0;46800;RAINFOREST_RESIN;9998;4;9996;1;9995;22;10004;1;10005;22;;;10001.0;0.0
0;46900;SQUID_INK;1949;1;1947;28;;;1950;2;1951;26;;;1949.5;0.0
0;46900;RAINFOREST_RESIN;9996;2;9995;26;;;10004;2;10005;26;;;10000.0;0.0
0;46900;KELP;2032;1;2030;2;2029;26;2033;28;;;;;2032.5;0.0
0;47000;RAINFOREST_RESIN;9995;20;;;;;10002;8;10005;20;;;9998.5;0.0
0;47000;KELP;2029;20;;;;;2033;20;;;;;2031.0;0.0
0;47000;SQUID_INK;1948;20;;;;;1951;20;;;;;1949.5;0.0
0;47100;KELP;2029;24;;;;;2030;1;2032;7;2033;24;2029.5;0.0
0;47100;SQUID_INK;1947;23;;;;;1949;7;1950;24;;;1948.0;0.0
0;47100;RAINFOREST_RESIN;9998;5;9995;24;;;10005;24;;;;;10001.5;0.0
0;47200;KELP;2031;4;2029;29;;;2033;29;;;;;2032.0;0.0
0;47200;SQUID_INK;1949;4;1947;29;;;1950;29;;;;;1949.5;0.0
0;47200;RAINFOREST_RESIN;9995;29;;;;;10005;29;;;;;10000.0;0.0
0;47300;SQUID_INK;1946;24;;;;;1950;24;;;;;1948.0;0.0
0;47300;RAINFOREST_RESIN;9995;24;;;;;10005;24;;;;;10000.0;0.0
0;47300;KELP;2030;24;;;;;2033;24;;;;;2031.5;0.0
0;47400;RAINFOREST_RESIN;9996;2;9995;24;;;10002;5;10004;2;10005;24;9999.0;0.0
0;47400;KELP;2030;26;;;;;2032;2;2033;26;;;2031.0;0.0
0;47400;SQUID_INK;1946;26;;;;;1948;2;1950;26;;;1947.0;0.0
0;47500;KELP;2030;28;;;;;2033;28;;;;;2031.5;0.0
0;47500;SQUID_INK;1946;28;;;;;1950;28;;;;;1948.0;0.0
0;47500;RAINFOREST_RESIN;9995;28;;;;;10005;28;;;;;10000.0;0.0
0;47600;KELP;2030;21;;;;;2033;21;;;;;2031.5;0.0
0;47600;SQUID_INK;1945;21;;;;;1948;21;;;;;1946.5;0.0
0;47600;RAINFOREST_RESIN;9995;21;;;;;10005;21;;;;;10000.0;0.0
0;47700;SQUID_INK;1947;24;;;;;1949;3;1950;24;;;1948.0;0.0
0;47700;RAINFOREST_RESIN;9996;1;9995;23;;;9998;1;10004;1;10005;23;9997.0;0.0
0;47700;KELP;2030;1;2029;23;;;2032;3;2033;24;;;2031.0;0.0
0;47800;RAINFOREST_RESIN;9995;22;;;;;9998;1;10002;8;10005;22;9996.5;0.0
0;47800;KELP;2029;22;;;;;2033;22;;;;;2031.0;0.0
0;47800;SQUID_INK;1948;22;;;;;1951;22;;;;;1949.5;0.0
0;47900;KELP;2029;21;;;;;2033;21;;;;;2031.0;0.0
0;47900;SQUID_INK;1948;21;;;;;1951;21;;;;;1949.5;0.0
0;47900;RAINFOREST_RESIN;9998;1;9995;21;;;10005;21;;;;;10001.5;0.0
0;48000;KELP;2029;29;;;;;2033;29;;;;;2031.0;0.0
0;48000;SQUID_INK;1947;29;;;;;1951;29;;;;;1949.0;0.0
0;48000;RAINFOREST_RESIN;9998;3;9996;2;9995;27;10004;2;10005;27;;;10001.0;0.0
0;48100;RAINFOREST_RESIN;9995;29;;;;;10005;29;;;;;10000.0;0.0
0;48100;SQUID_INK;1948;29;;;;;1952;29;;;;;1950.0;0.0
0;48100;KELP;2029;29;;;;;2033;29;;;;;2031.0;0.0
0;48200;RAINFOREST_RESIN;9996;1;9995;25;;;10004;1;10005;25;;;10000.0;0.0
0;48200;KELP;2030;8;2029;26;;;2033;26;;;;;2031.5;0.0
0;48200;SQUID_INK;1949;34;;;;;1952;26;;;;;1950.5;0.0
0;48300;KELP;2031;1;2029;29;;;2032;29;;;;;2031.5;0.0
0;48300;RAINFOREST_RESIN;9995;29;;;;;10005;29;;;;;10000.0;0.0
0;48300;SQUID_INK;1950;1;1948;29;;;1951;29;;;;;1950.5;0.0
0;48400;KELP;2031;1;2029;22;;;2032;22;;;;;2031.5;0.0
0;48400;SQUID_INK;1951;1;1949;22;;;1953;22;;;;;1952.0;0.0
0;48400;RAINFOREST_RESIN;9995;22;;;;;10005;22;;;;;10000.0;0.0
0;48500;RAINFOREST_RESIN;9995;25;;;;;10005;25;;;;;10000.0;0.0
0;48500;SQUID_INK;1949;25;;;;;1953;25;;;;;1951.0;0.0
0;48500;KELP;2029;25;;;;;2032;25;;;;;2030.5;0.0
0;48600;RAINFOREST_RESIN;9996;2;9995;20;;;10002;4;10004;2;10005;20;9999.0;0.0
0;48600;SQUID_INK;1950;24;;;;;1953;22;;;;;1951.5;0.0
0;48600;KELP;2029;24;;;;;2032;22;;;;;2030.5;0.0
0;48700;KELP;2029;21;;;;;2032;21;;;;;2030.5;0.0
0;48700;RAINFOREST_RESIN;10002;2;9995;21;;;10005;21;;;;;10003.5;0.0
0;48700;SQUID_INK;1950;21;;;;;1953;21;;;;;1951.5;0.0
0;48800;SQUID_INK;1950;33;;;;;1953;31;;;;;1951.5;0.0
0;48800;KELP;2029;33;;;;;2032;31;;;;;2030.5;0.0
0;48800;RAINFOREST_RESIN;9998;10;9996;2;9995;29;10004;2;10005;29;;;10001.0;0.0
0;48900;RAINFOREST_RESIN;9998;3;9996;1;9995;24;10004;1;10005;24;;;10001.0;0.0
0;48900;SQUID_INK;1952;24;;;;;1955;25;;;;;1953.5;0.0
0;48900;KELP;2029;24;;;;;2032;1;2033;24;;;2030.5;0.0
0;49000;RAINFOREST_RESIN;9995;29;;;;;10005;29;;;;;10000.0;0.0
0;49000;SQUID_INK;1951;29;;;;;1954;29;;;;;1952.5;0.0
0;49000;KELP;2029;29;;;;;2032;29;;;;;2030.5;0.0
0;49100;KELP;2029;26;;;;;2032;26;;;;;2030.5;0.0
0;49100;RAINFOREST_RESIN;9998;3;9995;26;;;10005;26;;;;;10001.5;0.0
0;49100;SQUID_INK;1951;26;;;;;1955;26;;;;;1953.0;0.0
0;49200;SQUID_INK;1952;31;;;;;1955;25;;;;;1953.5;0.0
0;49200;KELP;2029;31;;;;;2032;25;;;;;2030.5;0.0
0;49200;RAINFOREST_RESIN;9996;2;9995;23;;;10004;2;10005;23;;;10000.0;0.0
0;49300;RAINFOREST_RESIN;9995;29;;;;;10005;29;;;;;10000.0;0.0
0;49300;SQUID_INK;1953;1;1952;4;1951;29;1955;29;;;;;1954.0;0.0
0;49300;KELP;2031;1;2029;33;;;2032;29;;;;;2031.5;0.0
0;49400;RAINFOREST_RESIN;9998;5;9996;1;9995;21;10004;1;10005;21;;;10001.0;0.0
0;49400;SQUID_INK;1953;1;1951;22;;;1955;22;;;;;1954.0;0.0
0;49400;KELP;2031;1;2029;22;;;2032;22;;;;;2031.5;0.0
0;49500;KELP;2029;23;;;;;2032;23;;;;;2030.5;0.0
0;49500;RAINFOREST_RESIN;9995;23;;;;;10005;23;;;;;10000.0;0.0
0;49500;SQUID_INK;1951;23;;;;;1954;23;;;;;1952.5;0.0
0;49600;SQUID_INK;1951;22;;;;;1953;4;1954;22;;;1952.0;0.0
0;49600;KELP;2029;22;;;;;2031;4;2032;22;;;2030.0;0.0
0;49600;RAINFOREST_RESIN;9995;22;;;;;10005;22;;;;;10000.0;0.0
0;49700;RAINFOREST_RESIN;9996;2;9995;22;;;10002;8;10004;2;10005;22;9999.0;0.0
0;49700;SQUID_INK;1951;24;;;;;1954;2;1955;22;;;1952.5;0.0
0;49700;KELP;2029;24;;;;;2032;24;;;;;2030.5;0.0
0;49800;RAINFOREST_RESIN;9996;1;9995;21;;;9998;1;10004;1;10005;21;9997.0;0.0
0;49800;SQUID_INK;1952;22;;;;;1955;22;;;;;1953.5;0.0
0;49800;KELP;2029;22;;;;;2032;1;2033;21;;;2030.5;0.0
0;49900;KELP;2029;22;;;;;2033;22;;;;;2031.0;0.0
0;49900;RAINFOREST_RESIN;9996;2;9995;20;;;10004;2;10005;20;;;10000.0;0.0
0;49900;SQUID_INK;1954;22;;;;;1957;2;1958;20;;;1955.5;0.0
0;50000;SQUID_INK;1955;1;1954;29;;;1958;30;;;;;1956.5;0.0
0;50000;KELP;2029;30;;;;;2032;30;;;;;2030.5;0.0
0;50000;RAINFOREST_RESIN;9996;1;9995;29;;;10004;1;10005;29;;;10000.0;0.0
0;50100;RAINFOREST_RESIN;9996;2;9995;30;;;10004;2;10005;30;;;10000.0;0.0
0;50100;SQUID_INK;1955;10;1953;32;;;1956;32;;;;;1955.5;0.0
0;50100;KELP;2031;10;2029;32;;;2032;32;;;;;2031.5;0.0
0;50200;RAINFOREST_RESIN;9998;1;9996;2;9995;23;10004;2;10005;23;;;10001.0;0.0
0;50200;SQUID_INK;1953;25;;;;;1957;25;;;;;1955.0;0.0
0;50200;KELP;2029;2;2028;23;;;2032;25;;;;;2030.5;0.0
0;50300;KELP;2031;2;2029;26;;;2032;26;;;;;2031.5;0.0
0;50300;RAINFOREST_RESIN;9996;1;9995;25;;;10002;5;10004;1;10005;25;9999.0;0.0
0;50300;SQUID_INK;1954;2;1952;26;;;1956;26;;;;;1955.0;0.0
0;50400;SQUID_INK;1954;30;;;;;1957;30;;;;;1955.5;0.0
0;50400;KELP;2029;30;;;;;2032;30;;;;;2030.5;0.0
0;50400;RAINFOREST_RESIN;10002;4;9996;1;9995;29;10004;1;10005;29;;;10003.0;0.0
0;50500;RAINFOREST_RESIN;10002;4;9996;1;9995;28;10004;1;10005;28;;;10003.0;0.0
0;50500;SQUID_INK;1953;30;;;;;1956;29;;;;;1954.5;0.0
0;50500;KELP;2029;30;;;;;2032;29;;;;;2030.5;0.0
0;50600;RAINFOREST_RESIN;9996;1;9995;23;;;10004;1;10005;23;;;10000.0;0.0
0;50600;SQUID_INK;1954;1;1952;24;;;1955;24;;;;;1954.5;0.0
0;50600;KELP;2031;1;2029;24;;;2032;24;;;;;2031.5;0.0
0;50700;KELP;2029;25;;;;;2032;25;;;;;2030.5;0.0
0;50700;RAINFOREST_RESIN;9995;25;;;;;10002;3;10005;25;;;9998.5;0.0
0;50700;SQUID_INK;1951;25;;;;;1954;25;;;;;1952.5;0.0
0;50800;SQUID_INK;1951;31;;;;;1954;24;;;;;1952.5;0.0
0;50800;KELP;2029;31;;;;;2032;24;;;;;2030.5;0.0
0;50800;RAINFOREST_RESIN;9995;24;;;;;9998;1;10002;6;10005;24;9996.5;0.0
0;50900;RAINFOREST_RESIN;9996;1;9995;26;;;10004;1;10005;26;;;10000.0;0.0
0;50900;SQUID_INK;1951;27;;;;;1953;5;1954;27;;;1952.0;0.0
0;50900;KELP;2029;27;;;;;2031;5;2032;27;;;2030.0;0.0
0;51000;RAINFOREST_RESIN;9996;2;9995;22;;;10004;2;10005;22;;;10000.0;0.0
0;51000;SQUID_INK;1950;24;;;;;1952;4;1953;24;;;1951.0;0.0
0;51000;KELP;2029;24;;;;;2031;4;2032;24;;;2030.0;0.0
0;51100;KELP;2029;27;;;;;2031;1;2032;27;;;2030.0;0.0
0;51100;RAINFOREST_RESIN;9996;1;9995;26;;;10004;1;10005;26;;;10000.0;0.0
0;51100;SQUID_INK;1950;27;;;;;1952;1;1953;27;;;1951.0;0.0
0;51200;SQUID_INK;1950;35;;;;;1953;32;;;;;1951.5;0.0
0;51200;KELP;2029;35;;;;;2032;32;;;;;2030.5;0.0
0;51200;RAINFOREST_RESIN;9996;2;9995;30;;;10004;2;10005;30;;;10000.0;0.0
0;51300;RAINFOREST_RESIN;9996;2;9995;23;;;10004;2;10005;23;;;10000.0;0.0
0;51300;SQUID_INK;1948;25;;;;;1951;25;;;;;1949.5;0.0
0;51300;KELP;2029;25;;;;;2032;25;;;;;2030.5;0.0
0;51400;RAINFOREST_RESIN;9995;23;;;;;10005;23;;;;;10000.0;0.0
0;51400;SQUID_INK;1949;23;;;;;1952;23;;;;;1950.5;0.0
0;51400;KELP;2029;23;;;;;2033;23;;;;;2031.0;0.0
0;51500;KELP;2029;22;;;;;2032;22;;;;;2030.5;0.0
0;51500;RAINFOREST_RESIN;9996;2;9995;20;;;10004;2;10005;20;;;10000.0;0.0
0;51500;SQUID_INK;1948;22;;;;;1951;22;;;;;1949.5;0.0
0;51600;SQUID_INK;1949;31;;;;;1951;5;1952;31;;;1950.0;0.0
0;51600;KELP;2029;31;;;;;2031;5;2032;31;;;2030.0;0.0
0;51600;RAINFOREST_RESIN;9996;2;9995;29;;;10004;2;10005;29;;;10000.0;0.0
0;51700;RAINFOREST_RESIN;9996;2;9995;30;;;10002;5;10004;2;10005;30;9999.0;0.0
0;51700;SQUID_INK;1949;37;;;;;1952;32;;;;;1950.5;0.0
0;51700;KELP;2029;37;;;;;2032;32;;;;;2030.5;0.0
0;51800;RAINFOREST_RESIN;9996;2;9995;24;;;10004;2;10005;24;;;10000.0;0.0
0;51800;SQUID_INK;1949;26;;;;;1952;26;;;;;1950.5;0.0
0;51800;KELP;2029;26;;;;;2032;26;;;;;2030.5;0.0
0;51900;KELP;2029;27;;;;;2031;7;2032;27;;;2030.0;0.0
0;51900;RAINFOREST_RESIN;9996;1;9995;26;;;10002;6;10004;1;10005;26;9999.0;0.0
0;51900;SQUID_INK;1950;27;;;;;1952;7;1954;27;;;1951.0;0.0
0;52000;SQUID_INK;1950;23;;;;;1951;6;1954;24;;;1950.5;0.0
0;52000;KELP;2029;17;;;;;2032;24;;;;;2030.5;0.0
0;52000;RAINFOREST_RESIN;10000;3;9996;1;9995;23;10004;1;10005;23;;;10002.0;0.0
0;52100;RAINFOREST_RESIN;9995;30;;;;;10005;30;;;;;10000.0;0.0
0;52100;SQUID_INK;1947;30;;;;;1950;30;;;;;1948.5;0.0
0;52100;KELP;2029;30;;;;;2032;30;;;;;2030.5;0.0
0;52200;RAINFOREST_RESIN;9995;28;;;;;10002;3;10005;28;;;9998.5;0.0
0;52200;SQUID_INK;1948;28;;;;;1950;2;1951;28;;;1949.0;0.0
0;52200;KELP;2029;28;;;;;2031;2;2032;28;;;2030.0;0.0
0;52300;KELP;2029;19;;;;;2032;21;;;;;2030.5;0.0
0;52300;RAINFOREST_RESIN;9995;21;;;;;10002;3;10005;21;;;9998.5;0.0
0;52300;SQUID_INK;1946;21;;;;;1947;2;1950;21;;;1946.5;0.0
0;52400;SQUID_INK;1951;6;1950;24;;;1953;24;;;;;1952.0;0.0
0;52400;KELP;2030;6;2029;24;;;2032;24;;;;;2031.0;0.0
0;52400;RAINFOREST_RESIN;10000;6;9996;2;9995;22;10004;2;10005;22;;;10002.0;0.0
0;52500;RAINFOREST_RESIN;9996;1;9995;30;;;10004;1;10005;30;;;10000.0;0.0
0;52500;SQUID_INK;1947;31;;;;;1950;31;;;;;1948.5;0.0
0;52500;KELP;2029;31;;;;;2033;31;;;;;2031.0;0.0
0;52600;RAINFOREST_RESIN;9996;1;9995;23;;;9998;2;10004;1;10005;23;9997.0;0.0
0;52600;SQUID_INK;1948;24;;;;;1951;24;;;;;1949.5;0.0
0;52600;KELP;2029;24;;;;;2033;24;;;;;2031.0;0.0
0;52700;KELP;2029;29;;;;;2033;29;;;;;2031.0;0.0
0;52700;RAINFOREST_RESIN;9995;29;;;;;9998;1;10005;29;;;9996.5;0.0
0;52700;SQUID_INK;1947;29;;;;;1951;29;;;;;1949.0;0.0
0;52800;RAINFOREST_RESIN;9995;24;;;;;9998;1;10005;24;;;9996.5;0.0
0;52800;SQUID_INK;1948;24;;;;;1952;24;;;;;1950.0;0.0
0;52800;KELP;2029;24;;;;;2033;24;;;;;2031.0;0.0
0;52900;SQUID_INK;1948;31;;;;;1951;31;;;;;1949.5;0.0
0;52900;KELP;2029;31;;;;;2033;31;;;;;2031.0;0.0
0;52900;RAINFOREST_RESIN;9996;1;9995;30;;;10004;1;10005;30;;;10000.0;0.0
0;53000;SQUID_INK;1948;4;1947;28;;;1951;28;;;;;1949.5;0.0
0;53000;RAINFOREST_RESIN;9995;28;;;;;10005;28;;;;;10000.0;0.0
0;53000;KELP;2030;4;2029;28;;;2033;28;;;;;2031.5;0.0
0;53100;SQUID_INK;1948;31;;;;;1951;31;;;;;1949.5;0.0
0;53100;KELP;2029;31;;;;;2033;31;;;;;2031.0;0.0
0;53100;RAINFOREST_RESIN;9996;1;9995;30;;;10004;1;10005;30;;;10000.0;0.0
0;53200;RAINFOREST_RESIN;9996;1;9995;30;;;9998;1;10004;1;10005;30;9997.0;0.0
0;53200;KELP;2029;31;;;;;2033;31;;;;;2031.0;0.0
0;53200;SQUID_INK;1949;31;;;;;1952;31;;;;;1950.5;0.0
0;53300;SQUID_INK;1950;24;;;;;1952;7;1953;24;;;1951.0;0.0
0;53300;KELP;2030;1;2029;23;;;2031;7;2033;24;;;2030.5;0.0
0;53300;RAINFOREST_RESIN;9996;1;9995;23;;;10004;1;10005;23;;;10000.0;0.0
0;53400;SQUID_INK;1951;22;;;;;1954;23;;;;;1952.5;0.0
0;53400;RAINFOREST_RESIN;9995;23;;;;;10005;23;;;;;10000.0;0.0
0;53400;KELP;2029;23;;;;;2030;1;2033;23;;;2029.5;0.0
0;53500;SQUID_INK;1950;26;;;;;1952;1;1953;26;;;1951.0;0.0
0;53500;KELP;2029;26;;;;;2031;1;2033;26;;;2030.0;0.0
0;53500;RAINFOREST_RESIN;9996;1;9995;25;;;10002;8;10004;1;10005;25;9999.0;0.0
0;53600;RAINFOREST_RESIN;9998;2;9995;23;;;10005;23;;;;;10001.5;0.0
0;53600;KELP;2029;26;;;;;2033;23;;;;;2031.0;0.0
0;53600;SQUID_INK;1950;26;;;;;1953;23;;;;;1951.5;0.0
0;53700;SQUID_INK;1950;27;;;;;1953;2;1954;25;;;1951.5;0.0
0;53700;KELP;2029;27;;;;;2032;2;2033;25;;;2030.5;0.0
0;53700;RAINFOREST_RESIN;9996;2;9995;25;;;10002;10;10004;2;10005;25;9999.0;0.0
0;53800;SQUID_INK;1950;25;;;;;1951;4;1953;25;;;1950.5;0.0
0;53800;RAINFOREST_RESIN;9996;2;9995;23;;;9998;13;10002;6;10004;2;9997.0;0.0
0;53800;KELP;2029;25;;;;;2030;4;2032;25;;;2029.5;0.0
0;53900;SQUID_INK;1949;28;;;;;1951;7;1953;28;;;1950.0;0.0
0;53900;KELP;2029;28;;;;;2031;7;2033;28;;;2030.0;0.0
0;53900;RAINFOREST_RESIN;9995;28;;;;;10005;28;;;;;10000.0;0.0
0;54000;RAINFOREST_RESIN;9996;1;9995;21;;;10004;1;10005;21;;;10000.0;0.0
0;54000;KELP;2029;24;;;;;2032;22;;;;;2030.5;0.0
0;54000;SQUID_INK;1951;2;1950;22;;;1954;22;;;;;1952.5;0.0
0;54100;SQUID_INK;1951;4;1950;23;;;1954;23;;;;;1952.5;0.0
0;54100;KELP;2029;4;2028;23;;;2032;23;;;;;2030.5;0.0
0;54100;RAINFOREST_RESIN;9995;23;;;;;10005;23;;;;;10000.0;0.0
0;54200;SQUID_INK;1951;21;;;;;1954;21;;;;;1952.5;0.0
0;54200;RAINFOREST_RESIN;9996;1;9995;20;;;10004;1;10005;20;;;10000.0;0.0
0;54200;KELP;2028;21;;;;;2032;21;;;;;2030.0;0.0
0;54300;SQUID_INK;1952;25;;;;;1955;25;;;;;1953.5;0.0
0;54300;KELP;2028;25;;;;;2032;25;;;;;2030.0;0.0
0;54300;RAINFOREST_RESIN;9998;1;9995;25;;;10005;25;;;;;10001.5;0.0
0;54400;RAINFOREST_RESIN;9996;2;9995;22;;;10004;2;10005;22;;;10000.0;0.0
0;54400;KELP;2028;24;;;;;2029;1;2032;24;;;2028.5;0.0
0;54400;SQUID_INK;1951;23;;;;;1954;24;;;;;1952.5;0.0
0;54500;SQUID_INK;1950;28;;;;;1954;29;;;;;1952.0;0.0
0;54500;KELP;2028;29;;;;;2029;1;2032;29;;;2028.5;0.0
0;54500;RAINFOREST_RESIN;9995;29;;;;;10002;9;10005;29;;;9998.5;0.0
0;54600;SQUID_INK;1950;28;;;;;1954;28;;;;;1952.0;0.0
0;54600;RAINFOREST_RESIN;9998;4;9996;2;9995;26;10004;2;10005;26;;;10001.0;0.0
0;54600;KELP;2029;2;2028;26;;;2032;28;;;;;2030.5;0.0
0;54700;SQUID_INK;1949;21;;;;;1952;21;;;;;1950.5;0.0
0;54700;KELP;2029;21;;;;;2032;21;;;;;2030.5;0.0
0;54700;RAINFOREST_RESIN;9998;2;9995;21;;;10005;21;;;;;10001.5;0.0
0;54800;RAINFOREST_RESIN;9996;1;9995;23;;;10004;1;10005;23;;;10000.0;0.0
0;54800;KELP;2029;24;;;;;2031;6;2032;24;;;2030.0;0.0
0;54800;SQUID_INK;1948;24;;;;;1950;6;1951;24;;;1949.0;0.0
0;54900;SQUID_INK;1948;29;;;;;1950;3;1951;29;;;1949.0;0.0
0;54900;KELP;2029;29;;;;;2031;3;2032;29;;;2030.0;0.0
0;54900;RAINFOREST_RESIN;9996;1;9995;28;;;10004;1;10005;28;;;10000.0;0.0
0;55000;SQUID_INK;1949;1;1948;27;;;1952;27;;;;;1950.5;0.0
0;55000;RAINFOREST_RESIN;9995;27;;;;;9998;5;10005;27;;;9996.5;0.0
0;55000;KELP;2029;28;;;;;2032;27;;;;;2030.5;0.0
0;55100;SQUID_INK;1950;31;;;;;1953;31;;;;;1951.5;0.0
0;55100;KELP;2029;31;;;;;2032;31;;;;;2030.5;0.0
0;55100;RAINFOREST_RESIN;10002;9;9996;2;9995;29;10004;2;10005;29;;;10003.0;0.0
0;55200;RAINFOREST_RESIN;9995;25;;;;;10005;25;;;;;10000.0;0.0
0;55200;KELP;2029;25;;;;;2032;25;;;;;2030.5;0.0
0;55200;SQUID_INK;1949;25;;;;;1952;25;;;;;1950.5;0.0
0;55300;KELP;2029;25;;;;;2032;25;;;;;2030.5;0.0
0;55300;SQUID_INK;1948;25;;;;;1951;1;1952;24;;;1949.5;0.0
0;55300;RAINFOREST_RESIN;9996;1;9995;24;;;10002;7;10004;1;10005;24;9999.0;0.0
0;55400;KELP;2029;23;;;;;2032;23;;;;;2030.5;0.0
0;55400;SQUID_INK;1949;23;;;;;1952;23;;;;;1950.5;0.0
0;55400;RAINFOREST_RESIN;9996;1;9995;22;;;10004;1;10005;22;;;10000.0;0.0
0;55500;SQUID_INK;1951;26;;;;;1954;26;;;;;1952.5;0.0
0;55500;RAINFOREST_RESIN;9995;26;;;;;10005;26;;;;;10000.0;0.0
0;55500;KELP;2029;26;;;;;2032;26;;;;;2030.5;0.0
0;55600;RAINFOREST_RESIN;9998;7;9996;1;9995;27;10004;1;10005;27;;;10001.0;0.0
0;55600;KELP;2029;28;;;;;2032;28;;;;;2030.5;0.0
0;55600;SQUID_INK;1950;28;;;;;1953;28;;;;;1951.5;0.0
0;55700;KELP;2029;21;;;;;2032;21;;;;;2030.5;0.0
0;55700;SQUID_INK;1949;21;;;;;1953;21;;;;;1951.0;0.0
0;55700;RAINFOREST_RESIN;9995;21;;;;;10002;7;10005;21;;;9998.5;0.0
0;55800;KELP;2029;23;;;;;2032;2;2033;21;;;2030.5;0.0
0;55800;SQUID_INK;1951;23;;;;;1954;23;;;;;1952.5;0.0
0;55800;RAINFOREST_RESIN;9996;2;9995;21;;;10004;2;10005;21;;;10000.0;0.0
0;55900;SQUID_INK;1951;24;;;;;1954;24;;;;;1952.5;0.0
0;55900;RAINFOREST_RESIN;9995;24;;;;;9998;11;10005;24;;;9996.5;0.0
0;55900;KELP;2029;24;;;;;2033;24;;;;;2031.0;0.0
0;56000;RAINFOREST_RESIN;9996;2;9995;20;;;10004;2;10005;20;;;10000.0;0.0
0;56000;KELP;2029;22;;;;;2032;22;;;;;2030.5;0.0
0;56000;SQUID_INK;1949;22;;;;;1952;22;;;;;1950.5;0.0
0;56100;KELP;2029;30;;;;;2032;30;;;;;2030.5;0.0
0;56100;SQUID_INK;1949;30;;;;;1952;30;;;;;1950.5;0.0
0;56100;RAINFOREST_RESIN;9996;1;9995;29;;;10004;1;10005;29;;;10000.0;0.0
0;56200;KELP;2029;28;;;;;2032;28;;;;;2030.5;0.0
0;56200;SQUID_INK;1948;28;;;;;1951;2;1952;26;;;1949.5;0.0
