day;timestamp;product;bid_price_1;bid_volume_1;bid_price_2;bid_volume_2;bid_price_3;bid_volume_3;ask_price_1;ask_volume_1;ask_price_2;ask_volume_2;ask_price_3;ask_volume_3;mid_price;profit_and_loss
-1;0;SQUID_INK;2005;1;2002;31;;;2006;31;;;;;2005.5;0.0
-1;0;RAINFOREST_RESIN;10002;1;9996;2;9995;29;10004;2;10005;29;;;10003.0;0.0
-1;0;KELP;2028;1;2026;2;2025;29;2029;31;;;;;2028.5;0.0
-1;100;KELP;2025;24;;;;;2028;2;2029;22;;;2026.5;0.0
-1;100;RAINFOREST_RESIN;9996;2;9995;22;;;10004;2;10005;22;;;10000.0;0.0
-1;100;SQUID_INK;2004;24;;;;;2007;24;;;;;2005.5;0.0
-1;200;RAINFOREST_RESIN;9995;20;;;;;10005;20;;;;;10000.0;0.0
-1;200;KELP;2025;22;;;;;2028;20;;;;;2026.5;0.0
-1;200;SQUID_INK;2003;22;;;;;2006;20;;;;;2004.5;0.0
-1;300;SQUID_INK;2003;31;;;;;2006;31;;;;;2004.5;0.0
-1;300;KELP;2025;31;;;;;2028;2;2029;29;;;2026.5;0.0
-1;300;RAINFOREST_RESIN;9996;2;9995;29;;;10004;2;10005;29;;;10000.0;0.0
-1;400;SQUID_INK;2004;27;;;;;2007;27;;;;;2005.5;0.0
-1;400;RAINFOREST_RESIN;9996;2;9995;25;;;10004;2;10005;25;;;10000.0;0.0
-1;400;KELP;2025;27;;;;;2028;27;;;;;2026.5;0.0
-1;500;KELP;2025;30;;;;;2028;30;;;;;2026.5;0.0
-1;500;RAINFOREST_RESIN;9995;30;;;;;10002;4;10005;30;;;9998.5;0.0
-1;500;SQUID_INK;2004;30;;;;;2007;30;;;;;2005.5;0.0
-1;600;RAINFOREST_RESIN;10000;5;9995;25;;;10005;25;;;;;10002.5;0.0
-1;600;KELP;2026;5;2025;31;;;2028;25;;;;;2027.0;0.0
-1;600;SQUID_INK;2006;5;2005;6;2004;25;2008;25;;;;;2007.0;0.0
-1;700;SQUID_INK;2006;2;2005;23;;;2009;23;;;;;2007.5;0.0
-1;700;KELP;2025;2;2024;23;;;2028;23;;;;;2026.5;0.0
-1;700;RAINFOREST_RESIN;9995;23;;;;;10005;23;;;;;10000.0;0.0
-1;800;SQUID_INK;2005;30;;;;;2008;1;2009;29;;;2006.5;0.0
-1;800;RAINFOREST_RESIN;9996;1;9995;29;;;10004;1;10005;29;;;10000.0;0.0
-1;800;KELP;2024;1;2023;29;;;2027;30;;;;;2025.5;0.0
-1;900;KELP;2024;23;;;;;2027;23;;;;;2025.5;0.0
-1;900;RAINFOREST_RESIN;9996;1;9995;22;;;10004;1;10005;22;;;10000.0;0.0
-1;900;SQUID_INK;2005;23;;;;;2008;23;;;;;2006.5;0.0
-1;1000;RAINFOREST_RESIN;9995;26;;;;;10005;26;;;;;10000.0;0.0
-1;1000;KELP;2024;26;;;;;2026;6;2027;26;;;2025.0;0.0
-1;1000;SQUID_INK;2005;26;;;;;2007;6;2009;26;;;2006.0;0.0
-1;1100;SQUID_INK;2007;6;2006;26;;;2009;2;2010;24;;;2008.0;0.0
-1;1100;KELP;2025;6;2024;26;;;2027;2;2028;24;;;2026.0;0.0
-1;1100;RAINFOREST_RESIN;9996;2;9995;24;;;10004;2;10005;24;;;10000.0;0.0
-1;1200;SQUID_INK;2006;21;;;;;2008;8;2009;21;;;2007.0;0.0
-1;1200;RAINFOREST_RESIN;9995;21;;;;;9998;1;10005;21;;;9996.5;0.0
-1;1200;KELP;2024;21;;;;;2026;8;2028;21;;;2025.0;0.0
-1;1300;KELP;2024;31;;;;;2028;31;;;;;2026.0;0.0
-1;1300;RAINFOREST_RESIN;10002;1;9996;1;9995;30;10004;1;10005;30;;;10003.0;0.0
-1;1300;SQUID_INK;2007;31;;;;;2010;31;;;;;2008.5;0.0
-1;1400;RAINFOREST_RESIN;9996;1;9995;25;;;10004;1;10005;25;;;10000.0;0.0
-1;1400;KELP;2025;3;2024;25;;;2028;26;;;;;2026.5;0.0
-1;1400;SQUID_INK;2006;28;;;;;2009;26;;;;;2007.5;0.0
-1;1500;SQUID_INK;2006;27;;;;;2010;27;;;;;2008.0;0.0
-1;1500;KELP;2024;27;;;;;2028;27;;;;;2026.0;0.0
-1;1500;RAINFOREST_RESIN;9995;27;;;;;10005;27;;;;;10000.0;0.0
-1;1600;SQUID_INK;2007;29;;;;;2009;4;2011;29;;;2008.0;0.0
-1;1600;RAINFOREST_RESIN;9995;29;;;;;10005;29;;;;;10000.0;0.0
-1;1600;KELP;2024;29;;;;;2026;4;2028;29;;;2025.0;0.0
-1;1700;KELP;2024;22;;;;;2026;8;2028;22;;;2025.0;0.0
-1;1700;RAINFOREST_RESIN;9996;2;9995;20;;;10002;1;10004;2;10005;20;9999.0;0.0
-1;1700;SQUID_INK;2007;22;;;;;2009;8;2010;22;;;2008.0;0.0
-1;1800;RAINFOREST_RESIN;10002;1;9996;1;9995;22;10004;1;10005;22;;;10003.0;0.0
-1;1800;KELP;2024;23;;;;;2028;23;;;;;2026.0;0.0
-1;1800;SQUID_INK;2008;1;2007;22;;;2011;23;;;;;2009.5;0.0
-1;1900;SQUID_INK;2008;29;;;;;2010;5;2011;29;;;2009.0;0.0
-1;1900;KELP;2024;29;;;;;2026;5;2027;29;;;2025.0;0.0
-1;1900;RAINFOREST_RESIN;9996;1;9995;28;;;10004;1;10005;28;;;10000.0;0.0
-1;2000;KELP;2024;26;;;;;2027;26;;;;;2025.5;0.0
-1;2000;SQUID_INK;2009;26;;;;;2012;26;;;;;2010.5;0.0
-1;2000;RAINFOREST_RESIN;9996;2;9995;24;;;9998;1;10004;2;10005;24;9997.0;0.0
-1;2100;RAINFOREST_RESIN;9996;2;9995;25;;;10002;3;10004;2;10005;25;9999.0;0.0
-1;2100;KELP;2024;27;;;;;2027;2;2028;25;;;2025.5;0.0
-1;2100;SQUID_INK;2007;27;;;;;2011;27;;;;;2009.0;0.0
-1;2200;RAINFOREST_RESIN;9998;8;9996;1;9995;24;10004;1;10005;24;;;10001.0;0.0
-1;2200;KELP;2024;25;;;;;2026;7;2027;1;2028;24;2025.0;0.0
-1;2200;SQUID_INK;2008;25;;;;;2010;7;2011;1;2012;24;2009.0;0.0
-1;2300;KELP;2024;32;;;;;2028;32;;;;;2026.0;0.0
-1;2300;SQUID_INK;2008;32;;;;;2012;32;;;;;2010.0;0.0
-1;2300;RAINFOREST_RESIN;9998;7;9996;2;9995;30;10004;2;10005;30;;;10001.0;0.0
-1;2400;KELP;2024;29;;;;;2025;1;2028;29;;;2024.5;0.0
-1;2400;SQUID_INK;2009;28;;;;;2012;29;;;;;2010.5;0.0
-1;2400;RAINFOREST_RESIN;9995;29;;;;;10005;29;;;;;10000.0;0.0
-1;2500;RAINFOREST_RESIN;9996;1;9995;22;;;10004;1;10005;22;;;10000.0;0.0
-1;2500;KELP;2025;2;2024;23;;;2027;1;2028;22;;;2026.0;0.0
-1;2500;SQUID_INK;2009;25;;;;;2012;23;;;;;2010.5;0.0
-1;2600;RAINFOREST_RESIN;9995;23;;;;;10005;23;;;;;10000.0;0.0
-1;2600;KELP;2025;3;2024;23;;;2028;23;;;;;2026.5;0.0
-1;2600;SQUID_INK;2010;26;;;;;2013;23;;;;;2011.5;0.0
-1;2700;KELP;2024;26;;;;;2027;26;;;;;2025.5;0.0
-1;2700;SQUID_INK;2008;26;;;;;2012;26;;;;;2010.0;0.0
-1;2700;RAINFOREST_RESIN;9998;6;9995;26;;;10005;26;;;;;10001.5;0.0
-1;2800;KELP;2023;25;;;;;2027;25;;;;;2025.0;0.0
-1;2800;SQUID_INK;2009;25;;;;;2012;25;;;;;2010.5;0.0
-1;2800;RAINFOREST_RESIN;9995;25;;;;;10005;25;;;;;10000.0;0.0
-1;2900;RAINFOREST_RESIN;9996;1;9995;25;;;10004;1;10005;25;;;10000.0;0.0
-1;2900;KELP;2023;26;;;;;2027;26;;;;;2025.0;0.0
-1;2900;SQUID_INK;2008;26;;;;;2012;26;;;;;2010.0;0.0
-1;3000;RAINFOREST_RESIN;9998;1;9995;26;;;10005;26;;;;;10001.5;0.0
-1;3000;KELP;2024;29;;;;;2027;26;;;;;2025.5;0.0
-1;3000;SQUID_INK;2008;29;;;;;2011;26;;;;;2009.5;0.0
-1;3100;SQUID_INK;2008;26;;;;;2010;5;2011;26;;;2009.0;0.0
-1;3100;KELP;2023;26;;;;;2025;5;2026;26;;;2024.0;0.0
-1;3100;RAINFOREST_RESIN;9996;2;9995;24;;;10004;2;10005;24;;;10000.0;0.0
-1;3200;SQUID_INK;2005;23;;;;;2007;3;2009;23;;;2006.0;0.0
-1;3200;KELP;2023;23;;;;;2025;3;2026;23;;;2024.0;0.0
-1;3200;RAINFOREST_RESIN;9996;1;9995;22;;;10004;1;10005;22;;;10000.0;0.0
-1;3300;RAINFOREST_RESIN;9996;2;9995;30;;;10004;2;10005;30;;;10000.0;0.0
-1;3300;SQUID_INK;2005;32;;;;;2007;2;2008;32;;;2006.0;0.0
-1;3300;KELP;2023;32;;;;;2025;2;2026;32;;;2024.0;0.0
-1;3400;RAINFOREST_RESIN;9996;2;9995;24;;;10004;2;10005;24;;;10000.0;0.0
-1;3400;SQUID_INK;2005;26;;;;;2009;26;;;;;2007.0;0.0
-1;3400;KELP;2023;26;;;;;2026;26;;;;;2024.5;0.0
-1;3500;SQUID_INK;2004;26;;;;;2007;26;;;;;2005.5;0.0
-1;3500;KELP;2023;26;;;;;2026;26;;;;;2024.5;0.0
-1;3500;RAINFOREST_RESIN;9995;26;;;;;10005;26;;;;;10000.0;0.0
-1;3600;SQUID_INK;2004;21;;;;;2008;21;;;;;2006.0;0.0
-1;3600;KELP;2023;21;;;;;2026;21;;;;;2024.5;0.0
-1;3600;RAINFOREST_RESIN;9995;21;;;;;9998;4;10005;21;;;9996.5;0.0
-1;3700;RAINFOREST_RESIN;10002;1;9996;1;9995;23;10004;1;10005;23;;;10003.0;0.0
-1;3700;SQUID_INK;2003;27;;;;;2006;24;;;;;2004.5;0.0
-1;3700;KELP;2023;27;;;;;2026;24;;;;;2024.5;0.0
-1;3800;RAINFOREST_RESIN;9996;2;9995;23;;;10002;10;10004;2;10005;23;9999.0;0.0
-1;3800;SQUID_INK;2007;2;2006;23;;;2010;25;;;;;2008.5;0.0
-1;3800;KELP;2023;25;;;;;2026;25;;;;;2024.5;0.0
-1;3900;SQUID_INK;2007;28;;;;;2010;26;;;;;2008.5;0.0
-1;3900;KELP;2023;28;;;;;2026;26;;;;;2024.5;0.0
-1;3900;RAINFOREST_RESIN;9998;1;9996;1;9995;25;10004;1;10005;25;;;10001.0;0.0
-1;4000;SQUID_INK;2009;32;;;;;2012;32;;;;;2010.5;0.0
-1;4000;KELP;2023;32;;;;;2026;32;;;;;2024.5;0.0
-1;4000;RAINFOREST_RESIN;9996;2;9995;30;;;10004;2;10005;30;;;10000.0;0.0
-1;4100;RAINFOREST_RESIN;9996;2;9995;27;;;10004;2;10005;27;;;10000.0;0.0
-1;4100;SQUID_INK;2010;29;;;;;2013;29;;;;;2011.5;0.0
-1;4100;KELP;2023;29;;;;;2027;29;;;;;2025.0;0.0
-1;4200;RAINFOREST_RESIN;9996;2;9995;24;;;10002;4;10004;2;10005;24;9999.0;0.0
-1;4200;KELP;2023;26;;;;;2027;26;;;;;2025.0;0.0
-1;4200;SQUID_INK;2010;26;;;;;2014;26;;;;;2012.0;0.0
-1;4300;SQUID_INK;2010;29;;;;;2011;5;2013;22;;;2010.5;0.0
-1;4300;KELP;2023;29;;;;;2024;5;2026;22;;;2023.5;0.0
-1;4300;RAINFOREST_RESIN;9995;22;;;;;9998;1;10000;6;10005;22;9996.5;0.0
-1;4400;KELP;2023;30;;;;;2026;30;;;;;2024.5;0.0
-1;4400;SQUID_INK;2010;30;;;;;2014;30;;;;;2012.0;0.0
-1;4400;RAINFOREST_RESIN;9995;30;;;;;10005;30;;;;;10000.0;0.0
-1;4500;RAINFOREST_RESIN;9996;1;9995;28;;;10002;10;10004;1;10005;28;9999.0;0.0
-1;4500;SQUID_INK;2010;28;;;;;2013;29;;;;;2011.5;0.0
-1;4500;KELP;2023;28;;;;;2026;29;;;;;2024.5;0.0
-1;4600;RAINFOREST_RESIN;9996;1;9995;29;;;10002;10;10004;1;10005;29;9999.0;0.0
-1;4600;KELP;2023;30;;;;;2026;30;;;;;2024.5;0.0
-1;4600;SQUID_INK;2010;30;;;;;2013;30;;;;;2011.5;0.0
-1;4700;SQUID_INK;2010;32;;;;;2011;7;2012;3;2013;2;2010.5;0.0
-1;4700;KELP;2023;25;;;;;2025;3;2026;32;;;2024.0;0.0
-1;4700;RAINFOREST_RESIN;9996;2;9995;30;;;10004;2;10005;30;;;10000.0;0.0
-1;4800;KELP;2023;24;;;;;2027;24;;;;;2025.0;0.0
-1;4800;SQUID_INK;2011;24;;;;;2014;24;;;;;2012.5;0.0
-1;4800;RAINFOREST_RESIN;9998;6;9996;2;9995;22;10004;2;10005;22;;;10001.0;0.0
-1;4900;RAINFOREST_RESIN;9995;22;;;;;10002;7;10005;22;;;9998.5;0.0
-1;4900;SQUID_INK;2012;22;;;;;2015;22;;;;;2013.5;0.0
-1;4900;KELP;2023;22;;;;;2027;22;;;;;2025.0;0.0
-1;5000;RAINFOREST_RESIN;9998;3;9996;2;9995;28;10004;2;10005;28;;;10001.0;0.0
-1;5000;KELP;2023;30;;;;;2026;30;;;;;2024.5;0.0
-1;5000;SQUID_INK;2014;30;;;;;2017;30;;;;;2015.5;0.0
-1;5100;SQUID_INK;2014;37;;;;;2017;31;;;;;2015.5;0.0
-1;5100;KELP;2023;37;;;;;2026;31;;;;;2024.5;0.0
-1;5100;RAINFOREST_RESIN;9996;1;9995;30;;;10004;1;10005;30;;;10000.0;0.0
-1;5200;KELP;2023;35;;;;;2026;27;;;;;2024.5;0.0
-1;5200;SQUID_INK;2015;8;2014;27;;;2017;1;2018;26;;;2016.0;0.0
-1;5200;RAINFOREST_RESIN;9998;9;9996;1;9995;26;10004;1;10005;26;;;10001.0;0.0
-1;5300;RAINFOREST_RESIN;9996;1;9995;20;;;10004;1;10005;20;;;10000.0;0.0
-1;5300;SQUID_INK;2016;1;2014;21;;;2017;1;2018;20;;;2016.5;0.0
-1;5300;KELP;2025;1;2023;21;;;2026;21;;;;;2025.5;0.0
-1;5400;RAINFOREST_RESIN;9995;21;;;;;10005;21;;;;;10000.0;0.0
-1;5400;KELP;2023;21;;;;;2025;6;2027;21;;;2024.0;0.0
-1;5400;SQUID_INK;2014;21;;;;;2016;6;2017;21;;;2015.0;0.0
-1;5500;SQUID_INK;2014;27;;;;;2017;27;;;;;2015.5;0.0
-1;5500;KELP;2023;27;;;;;2027;27;;;;;2025.0;0.0
-1;5500;RAINFOREST_RESIN;9995;27;;;;;10005;27;;;;;10000.0;0.0
-1;5600;KELP;2025;2;2023;28;;;2027;28;;;;;2026.0;0.0
-1;5600;SQUID_INK;2013;2;2011;28;;;2015;28;;;;;2014.0;0.0
-1;5600;RAINFOREST_RESIN;9995;28;;;;;10005;28;;;;;10000.0;0.0
-1;5700;RAINFOREST_RESIN;9998;2;9995;27;;;10005;27;;;;;10001.5;0.0
-1;5700;SQUID_INK;2010;27;;;;;2011;1;2014;27;;;2010.5;0.0
-1;5700;KELP;2024;26;;;;;2027;27;;;;;2025.5;0.0
-1;5800;RAINFOREST_RESIN;9996;1;9995;30;;;10004;1;10005;30;;;10000.0;0.0
-1;5800;KELP;2024;31;;;;;2027;31;;;;;2025.5;0.0
-1;5800;SQUID_INK;2012;31;;;;;2015;31;;;;;2013.5;0.0
-1;5900;SQUID_INK;2013;35;;;;;2016;30;;;;;2014.5;0.0
-1;5900;KELP;2024;35;;;;;2027;30;;;;;2025.5;0.0
-1;5900;RAINFOREST_RESIN;9996;2;9995;28;;;10004;2;10005;28;;;10000.0;0.0
-1;6000;KELP;2024;30;;;;;2027;30;;;;;2025.5;0.0
-1;6000;SQUID_INK;2015;30;;;;;2018;30;;;;;2016.5;0.0
-1;6000;RAINFOREST_RESIN;9995;30;;;;;10005;30;;;;;10000.0;0.0
-1;6100;RAINFOREST_RESIN;9996;1;9995;24;;;10004;1;10005;24;;;10000.0;0.0
-1;6100;SQUID_INK;2015;25;;;;;2016;1;2019;25;;;2015.5;0.0
-1;6100;KELP;2024;24;;;;;2027;25;;;;;2025.5;0.0
-1;6200;RAINFOREST_RESIN;9996;1;9995;21;;;10004;1;10005;21;;;10000.0;0.0
-1;6200;KELP;2024;22;;;;;2027;22;;;;;2025.5;0.0
-1;6200;SQUID_INK;2014;22;;;;;2017;22;;;;;2015.5;0.0
-1;6300;SQUID_INK;2017;7;2016;23;;;2020;25;;;;;2018.5;0.0
-1;6300;KELP;2024;30;;;;;2027;25;;;;;2025.5;0.0
-1;6300;RAINFOREST_RESIN;9996;2;9995;23;;;10004;2;10005;23;;;10000.0;0.0
-1;6400;KELP;2024;25;;;;;2027;25;;;;;2025.5;0.0
-1;6400;SQUID_INK;2017;25;;;;;2020;25;;;;;2018.5;0.0
-1;6400;RAINFOREST_RESIN;9996;1;9995;24;;;10004;1;10005;24;;;10000.0;0.0
-1;6500;RAINFOREST_RESIN;9996;1;9995;26;;;9998;1;10004;1;10005;26;9997.0;0.0
-1;6500;KELP;2024;27;;;;;2027;27;;;;;2025.5;0.0
-1;6500;SQUID_INK;2016;27;;;;;2019;1;2020;26;;;2017.5;0.0
-1;6600;RAINFOREST_RESIN;9996;2;9995;24;;;10004;2;10005;24;;;10000.0;0.0
-1;6600;KELP;2024;26;;;;;2028;26;;;;;2026.0;0.0
-1;6600;SQUID_INK;2019;26;;;;;2023;26;;;;;2021.0;0.0
-1;6700;KELP;2025;7;2024;20;;;2028;20;;;;;2026.5;0.0
-1;6700;SQUID_INK;2019;27;;;;;2022;20;;;;;2020.5;0.0
-1;6700;RAINFOREST_RESIN;9995;20;;;;;10002;3;10005;20;;;9998.5;0.0
-1;6800;KELP;2024;32;;;;;2026;8;2027;2;2028;30;2025.0;0.0
-1;6800;SQUID_INK;2019;32;;;;;2021;8;2022;32;;;2020.0;0.0
-1;6800;RAINFOREST_RESIN;9996;2;9995;30;;;10004;2;10005;30;;;10000.0;0.0
-1;6900;RAINFOREST_RESIN;9996;1;9995;26;;;10002;5;10004;1;10005;26;9999.0;0.0
-1;6900;KELP;2024;27;;;;;2026;1;2027;27;;;2025.0;0.0
-1;6900;SQUID_INK;2019;27;;;;;2021;1;2022;27;;;2020.0;0.0
-1;7000;RAINFOREST_RESIN;9998;2;9995;27;;;10005;27;;;;;10001.5;0.0
-1;7000;KELP;2026;4;2024;27;;;2027;27;;;;;2026.5;0.0
-1;7000;SQUID_INK;2021;4;2019;27;;;2023;27;;;;;2022.0;0.0
-1;7100;KELP;2024;30;;;;;2027;30;;;;;2025.5;0.0
-1;7100;SQUID_INK;2022;30;;;;;2025;30;;;;;2023.5;0.0
-1;7100;RAINFOREST_RESIN;9996;1;9995;29;;;10004;1;10005;29;;;10000.0;0.0
-1;7200;KELP;2024;28;;;;;2027;28;;;;;2025.5;0.0
-1;7200;SQUID_INK;2021;1;2020;27;;;2024;28;;;;;2022.5;0.0
-1;7200;RAINFOREST_RESIN;9998;5;9996;1;9995;27;10004;1;10005;27;;;10001.0;0.0
-1;7300;RAINFOREST_RESIN;10002;1;9996;2;9995;29;10004;2;10005;29;;;10003.0;0.0
-1;7300;KELP;2024;35;;;;;2027;31;;;;;2025.5;0.0
-1;7300;SQUID_INK;2020;35;;;;;2023;31;;;;;2021.5;0.0
-1;7400;RAINFOREST_RESIN;9996;1;9995;22;;;10004;1;10005;22;;;10000.0;0.0
-1;7400;KELP;2024;22;;;;;2027;23;;;;;2025.5;0.0
-1;7400;SQUID_INK;2021;22;;;;;2024;23;;;;;2022.5;0.0
-1;7500;SQUID_INK;2020;25;;;;;2024;25;;;;;2022.0;0.0
-1;7500;KELP;2024;25;;;;;2027;25;;;;;2025.5;0.0
-1;7500;RAINFOREST_RESIN;9995;25;;;;;10002;10;10005;25;;;9998.5;0.0
-1;7600;SQUID_INK;2015;22;;;;;2019;22;;;;;2017.0;0.0
-1;7600;KELP;2024;22;;;;;2027;22;;;;;2025.5;0.0
-1;7600;RAINFOREST_RESIN;9996;2;9995;20;;;10004;2;10005;20;;;10000.0;0.0
-1;7700;RAINFOREST_RESIN;9995;22;;;;;10005;22;;;;;10000.0;0.0
-1;7700;SQUID_INK;2013;21;;;;;2017;22;;;;;2015.0;0.0
-1;7700;KELP;2024;21;;;;;2027;22;;;;;2025.5;0.0
-1;7800;RAINFOREST_RESIN;9998;3;9996;1;9995;22;10004;1;10005;22;;;10001.0;0.0
-1;7800;SQUID_INK;2014;1;2013;22;;;2017;23;;;;;2015.5;0.0
-1;7800;KELP;2024;23;;;;;2027;23;;;;;2025.5;0.0
-1;7900;SQUID_INK;2013;31;;;;;2016;27;;;;;2014.5;0.0
-1;7900;KELP;2024;31;;;;;2027;27;;;;;2025.5;0.0
-1;7900;RAINFOREST_RESIN;9996;1;9995;26;;;10004;1;10005;26;;;10000.0;0.0
-1;8000;SQUID_INK;2012;27;;;;;2014;8;2015;27;;;2013.0;0.0
-1;8000;KELP;2024;27;;;;;2026;8;2027;27;;;2025.0;0.0
-1;8000;RAINFOREST_RESIN;9995;27;;;;;10005;27;;;;;10000.0;0.0
-1;8100;RAINFOREST_RESIN;9996;1;9995;22;;;10004;1;10005;22;;;10000.0;0.0
-1;8100;SQUID_INK;2014;23;;;;;2017;23;;;;;2015.5;0.0
-1;8100;KELP;2023;23;;;;;2027;23;;;;;2025.0;0.0
-1;8200;RAINFOREST_RESIN;9995;23;;;;;10005;23;;;;;10000.0;0.0
-1;8200;SQUID_INK;2011;23;;;;;2013;1;2014;23;;;2012.0;0.0
-1;8200;KELP;2023;23;;;;;2025;1;2026;23;;;2024.0;0.0
-1;8300;SQUID_INK;2011;30;;;;;2015;30;;;;;2013.0;0.0
-1;8300;KELP;2023;30;;;;;2026;30;;;;;2024.5;0.0
-1;8300;RAINFOREST_RESIN;9996;1;9995;29;;;10004;1;10005;29;;;10000.0;0.0
-1;8400;RAINFOREST_RESIN;9995;28;;;;;10005;28;;;;;10000.0;0.0
-1;8400;SQUID_INK;2012;28;;;;;2015;28;;;;;2013.5;0.0
-1;8400;KELP;2023;28;;;;;2026;28;;;;;2024.5;0.0
-1;8500;SQUID_INK;2013;31;;;;;2017;31;;;;;2015.0;0.0
-1;8500;KELP;2023;31;;;;;2026;31;;;;;2024.5;0.0
-1;8500;RAINFOREST_RESIN;9998;10;9996;2;9995;29;10004;2;10005;29;;;10001.0;0.0
-1;8600;RAINFOREST_RESIN;9996;1;9995;22;;;10004;1;10005;22;;;10000.0;0.0
-1;8600;SQUID_INK;2013;22;;;;;2016;23;;;;;2014.5;0.0
-1;8600;KELP;2023;22;;;;;2026;23;;;;;2024.5;0.0
-1;8700;KELP;2023;27;;;;;2025;4;2026;27;;;2024.0;0.0
-1;8700;RAINFOREST_RESIN;9998;10;9995;27;;;10005;27;;;;;10001.5;0.0
-1;8700;SQUID_INK;2013;27;;;;;2015;4;2017;27;;;2014.0;0.0
-1;8800;RAINFOREST_RESIN;9995;25;;;;;9998;1;10005;25;;;9996.5;0.0
-1;8800;KELP;2024;7;2023;25;;;2027;25;;;;;2025.5;0.0
-1;8800;SQUID_INK;2014;32;;;;;2017;25;;;;;2015.5;0.0
-1;8900;SQUID_INK;2015;1;2014;26;;;2018;26;;;;;2016.5;0.0
-1;8900;KELP;2024;1;2023;26;;;2027;26;;;;;2025.5;0.0
-1;8900;RAINFOREST_RESIN;9998;9;9995;26;;;10005;26;;;;;10001.5;0.0
-1;9000;SQUID_INK;2016;31;;;;;2019;31;;;;;2017.5;0.0
-1;9000;RAINFOREST_RESIN;9996;2;9995;29;;;10004;2;10005;29;;;10000.0;0.0
-1;9000;KELP;2023;31;;;;;2027;31;;;;;2025.0;0.0
-1;9100;KELP;2023;29;;;;;2026;2;2027;27;;;2024.5;0.0
-1;9100;RAINFOREST_RESIN;9998;3;9996;2;9995;27;10004;2;10005;27;;;10001.0;0.0
-1;9100;SQUID_INK;2017;29;;;;;2021;29;;;;;2019.0;0.0
-1;9200;RAINFOREST_RESIN;9998;10;9995;27;;;10005;27;;;;;10001.5;0.0
-1;9200;KELP;2023;27;;;;;2025;7;2026;27;;;2024.0;0.0
-1;9200;SQUID_INK;2018;27;;;;;2020;7;2022;27;;;2019.0;0.0
-1;9300;SQUID_INK;2018;21;;;;;2022;21;;;;;2020.0;0.0
-1;9300;KELP;2023;21;;;;;2026;21;;;;;2024.5;0.0
-1;9300;RAINFOREST_RESIN;9996;1;9995;20;;;10004;1;10005;20;;;10000.0;0.0
-1;9400;SQUID_INK;2022;23;;;;;2025;23;;;;;2023.5;0.0
-1;9400;RAINFOREST_RESIN;9998;2;9996;2;9995;21;10004;2;10005;21;;;10001.0;0.0
-1;9400;KELP;2023;23;;;;;2026;23;;;;;2024.5;0.0
-1;9500;KELP;2023;35;;;;;2026;31;;;;;2024.5;0.0
-1;9500;RAINFOREST_RESIN;9996;1;9995;30;;;10004;1;10005;30;;;10000.0;0.0
-1;9500;SQUID_INK;2024;35;;;;;2027;31;;;;;2025.5;0.0
-1;9600;RAINFOREST_RESIN;9996;1;9995;30;;;10004;1;10005;30;;;10000.0;0.0
-1;9600;KELP;2023;31;;;;;2026;31;;;;;2024.5;0.0
-1;9600;SQUID_INK;2021;31;;;;;2024;31;;;;;2022.5;0.0
-1;9700;SQUID_INK;2018;22;;;;;2021;22;;;;;2019.5;0.0
-1;9700;KELP;2023;22;;;;;2026;22;;;;;2024.5;0.0
-1;9700;RAINFOREST_RESIN;9995;22;;;;;10002;1;10005;22;;;9998.5;0.0
-1;9800;SQUID_INK;2017;26;;;;;2021;26;;;;;2019.0;0.0
-1;9800;RAINFOREST_RESIN;9995;26;;;;;10005;26;;;;;10000.0;0.0
-1;9800;KELP;2023;26;;;;;2026;26;;;;;2024.5;0.0
-1;9900;KELP;2025;4;2023;25;;;2026;25;;;;;2025.5;0.0
-1;9900;RAINFOREST_RESIN;9995;25;;;;;10005;25;;;;;10000.0;0.0
-1;9900;SQUID_INK;2020;4;2018;25;;;2022;25;;;;;2021.0;0.0
-1;10000;RAINFOREST_RESIN;9995;28;;;;;10005;28;;;;;10000.0;0.0
-1;10000;KELP;2023;36;;;;;2026;28;;;;;2024.5;0.0
-1;10000;SQUID_INK;2019;36;;;;;2022;28;;;;;2020.5;0.0
-1;10100;SQUID_INK;2022;25;;;;;2026;25;;;;;2024.0;0.0
-1;10100;KELP;2023;25;;;;;2026;25;;;;;2024.5;0.0
-1;10100;RAINFOREST_RESIN;9996;1;9995;24;;;10002;3;10004;1;10005;24;9999.0;0.0
-1;10200;SQUID_INK;2019;28;;;;;2022;28;;;;;2020.5;0.0
-1;10200;RAINFOREST_RESIN;9996;2;9995;26;;;10004;2;10005;26;;;10000.0;0.0
-1;10200;KELP;2022;28;;;;;2026;28;;;;;2024.0;0.0
-1;10300;KELP;2024;1;2022;35;;;2025;27;;;;;2024.5;0.0
-1;10300;RAINFOREST_RESIN;9998;4;9995;27;;;10005;27;;;;;10001.5;0.0
-1;10300;SQUID_INK;2021;1;2019;35;;;2022;27;;;;;2021.5;0.0
-1;10400;RAINFOREST_RESIN;10002;1;9996;1;9995;28;10004;1;10005;28;;;10003.0;0.0
-1;10400;KELP;2023;1;2022;29;;;2026;29;;;;;2024.5;0.0
-1;10400;SQUID_INK;2018;30;;;;;2021;29;;;;;2019.5;0.0
-1;10500;SQUID_INK;2018;31;;;;;2021;31;;;;;2019.5;0.0
-1;10500;KELP;2023;2;2022;29;;;2026;31;;;;;2024.5;0.0
-1;10500;RAINFOREST_RESIN;9998;4;9996;2;9995;29;10004;2;10005;29;;;10001.0;0.0
-1;10600;SQUID_INK;2016;31;;;;;2017;4;2018;4;2019;31;2016.5;0.0
-1;10600;RAINFOREST_RESIN;9996;2;9995;29;;;10000;4;10004;2;10005;29;9998.0;0.0
-1;10600;KELP;2022;31;;;;;2023;4;2024;4;2025;31;2022.5;0.0
-1;10700;KELP;2022;29;;;;;2025;28;;;;;2023.5;0.0
-1;10700;RAINFOREST_RESIN;9998;8;9995;28;;;10005;28;;;;;10001.5;0.0
-1;10700;SQUID_INK;2016;1;2015;28;;;2019;28;;;;;2017.5;0.0
-1;10800;RAINFOREST_RESIN;9998;5;9996;2;9995;22;10004;2;10005;22;;;10001.0;0.0
-1;10800;KELP;2022;27;;;;;2025;24;;;;;2023.5;0.0
-1;10800;SQUID_INK;2016;5;2015;22;;;2019;24;;;;;2017.5;0.0
-1;10900;KELP;2022;35;;;;;2025;28;;;;;2023.5;0.0
-1;10900;SQUID_INK;2016;35;;;;;2019;28;;;;;2017.5;0.0
-1;10900;RAINFOREST_RESIN;9996;1;9995;27;;;10004;1;10005;27;;;10000.0;0.0
-1;11000;KELP;2024;7;2022;24;;;2025;24;;;;;2024.5;0.0
-1;11000;SQUID_INK;2017;7;2015;24;;;2018;24;;;;;2017.5;0.0
-1;11000;RAINFOREST_RESIN;9995;24;;;;;10002;7;10005;24;;;9998.5;0.0
-1;11100;RAINFOREST_RESIN;9998;3;9995;21;;;10005;21;;;;;10001.5;0.0
-1;11100;KELP;2022;21;;;;;2025;21;;;;;2023.5;0.0
-1;11100;SQUID_INK;2014;21;;;;;2017;21;;;;;2015.5;0.0
-1;11200;RAINFOREST_RESIN;9996;2;9995;21;;;10002;7;10004;2;10005;21;9999.0;0.0
-1;11200;KELP;2022;23;;;;;2025;23;;;;;2023.5;0.0
-1;11200;SQUID_INK;2014;23;;;;;2017;23;;;;;2015.5;0.0
-1;11300;KELP;2022;25;;;;;2025;22;;;;;2023.5;0.0
-1;11300;SQUID_INK;2013;25;;;;;2016;22;;;;;2014.5;0.0
-1;11300;RAINFOREST_RESIN;9996;1;9995;21;;;10004;1;10005;21;;;10000.0;0.0
-1;11400;KELP;2022;26;;;;;2025;26;;;;;2023.5;0.0
-1;11400;SQUID_INK;2014;26;;;;;2017;26;;;;;2015.5;0.0
-1;11400;RAINFOREST_RESIN;9996;1;9995;25;;;10004;1;10005;25;;;10000.0;0.0
-1;11500;RAINFOREST_RESIN;9996;1;9995;25;;;10002;7;10004;1;10005;25;9999.0;0.0
-1;11500;KELP;2022;26;;;;;2024;8;2025;26;;;2023.0;0.0
-1;11500;SQUID_INK;2014;26;;;;;2016;8;2018;26;;;2015.0;0.0
-1;11600;RAINFOREST_RESIN;9996;2;9995;27;;;10002;2;10004;2;10005;27;9999.0;0.0
-1;11600;KELP;2022;29;;;;;2026;29;;;;;2024.0;0.0
-1;11600;SQUID_INK;2014;29;;;;;2017;29;;;;;2015.5;0.0
-1;11700;KELP;2022;23;;;;;2023;2;2026;23;;;2022.5;0.0
-1;11700;SQUID_INK;2013;23;;;;;2014;2;2017;23;;;2013.5;0.0
-1;11700;RAINFOREST_RESIN;9996;2;9995;21;;;10004;2;10005;21;;;10000.0;0.0
-1;11800;KELP;2022;29;;;;;2024;4;2026;29;;;2023.0;0.0
-1;11800;SQUID_INK;2013;29;;;;;2014;4;2017;29;;;2013.5;0.0
-1;11800;RAINFOREST_RESIN;9998;10;9995;29;;;10000;5;10005;29;;;9999.0;0.0
-1;11900;RAINFOREST_RESIN;9996;2;9995;30;;;10004;2;10005;30;;;10000.0;0.0
-1;11900;KELP;2023;2;2022;30;;;2024;3;2026;32;;;2023.5;0.0
-1;11900;SQUID_INK;2014;32;;;;;2016;3;2017;32;;;2015.0;0.0
-1;12000;RAINFOREST_RESIN;10002;1;9995;20;;;10005;20;;;;;10003.5;0.0
-1;12000;SQUID_INK;2014;20;;;;;2017;20;;;;;2015.5;0.0
-1;12000;KELP;2023;20;;;;;2026;20;;;;;2024.5;0.0
-1;12100;SQUID_INK;2018;27;;;;;2020;1;2021;27;;;2019.0;0.0
-1;12100;KELP;2023;27;;;;;2025;1;2026;27;;;2024.0;0.0
-1;12100;RAINFOREST_RESIN;9996;2;9995;25;;;10004;2;10005;25;;;10000.0;0.0
-1;12200;SQUID_INK;2015;34;;;;;2018;30;;;;;2016.5;0.0
-1;12200;KELP;2023;34;;;;;2026;30;;;;;2024.5;0.0
-1;12200;RAINFOREST_RESIN;9996;2;9995;28;;;10004;2;10005;28;;;10000.0;0.0
-1;12300;RAINFOREST_RESIN;9998;6;9996;1;9995;28;10004;1;10005;28;;;10001.0;0.0
-1;12300;SQUID_INK;2016;29;;;;;2019;29;;;;;2017.5;0.0
-1;12300;KELP;2023;29;;;;;2026;29;;;;;2024.5;0.0
-1;12400;RAINFOREST_RESIN;9995;26;;;;;10005;26;;;;;10000.0;0.0
-1;12400;SQUID_INK;2017;4;2016;26;;;2020;26;;;;;2018.5;0.0
-1;12400;KELP;2023;30;;;;;2026;26;;;;;2024.5;0.0
-1;12500;SQUID_INK;2015;19;;;;;2018;20;;;;;2016.5;0.0
-1;12500;KELP;2023;19;;;;;2026;20;;;;;2024.5;0.0
-1;12500;RAINFOREST_RESIN;9995;20;;;;;10005;20;;;;;10000.0;0.0
-1;12600;SQUID_INK;2015;22;;;;;2019;22;;;;;2017.0;0.0
-1;12600;KELP;2023;22;;;;;2026;22;;;;;2024.5;0.0
-1;12600;RAINFOREST_RESIN;9995;22;;;;;10005;22;;;;;10000.0;0.0
-1;12700;RAINFOREST_RESIN;9996;2;9995;20;;;10004;2;10005;20;;;10000.0;0.0
-1;12700;SQUID_INK;2016;22;;;;;2019;22;;;;;2017.5;0.0
-1;12700;KELP;2023;22;;;;;2026;22;;;;;2024.5;0.0
-1;12800;RAINFOREST_RESIN;9996;2;9995;20;;;10004;2;10005;20;;;10000.0;0.0
-1;12800;SQUID_INK;2018;2;2017;20;;;2021;22;;;;;2019.5;0.0
-1;12800;KELP;2023;22;;;;;2026;22;;;;;2024.5;0.0
-1;12900;SQUID_INK;2017;7;2016;29;;;2019;1;2020;28;;;2018.0;0.0
-1;12900;KELP;2023;36;;;;;2026;29;;;;;2024.5;0.0
-1;12900;RAINFOREST_RESIN;9996;1;9995;28;;;10002;3;10004;1;10005;28;9999.0;0.0
-1;13000;SQUID_INK;2018;1;2016;26;;;2019;20;;;;;2018.5;0.0
-1;13000;KELP;2025;1;2023;6;2022;20;2026;20;;;;;2025.5;0.0
-1;13000;RAINFOREST_RESIN;10002;1;9995;20;;;10005;20;;;;;10003.5;0.0
-1;13100;RAINFOREST_RESIN;9996;1;9995;25;;;10004;1;10005;25;;;10000.0;0.0
-1;13100;SQUID_INK;2017;33;;;;;2020;26;;;;;2018.5;0.0
-1;13100;KELP;2023;33;;;;;2026;26;;;;;2024.5;0.0
-1;13200;RAINFOREST_RESIN;9998;2;9995;22;;;10005;22;;;;;10001.5;0.0
-1;13200;KELP;2022;22;;;;;2025;5;2026;22;;;2023.5;0.0
-1;13200;SQUID_INK;2013;22;;;;;2015;5;2016;22;;;2014.0;0.0
-1;13300;SQUID_INK;2013;6;2012;24;;;2016;24;;;;;2014.5;0.0
-1;13300;KELP;2023;6;2022;24;;;2026;24;;;;;2024.5;0.0
-1;13300;RAINFOREST_RESIN;9995;24;;;;;10005;24;;;;;10000.0;0.0
-1;13400;KELP;2023;32;;;;;2026;32;;;;;2024.5;0.0
-1;13400;SQUID_INK;2012;32;;;;;2016;32;;;;;2014.0;0.0
-1;13400;RAINFOREST_RESIN;9996;2;9995;30;;;10004;2;10005;30;;;10000.0;0.0
-1;13500;RAINFOREST_RESIN;9995;30;;;;;10005;30;;;;;10000.0;0.0
-1;13500;SQUID_INK;2013;30;;;;;2015;8;2016;30;;;2014.0;0.0
-1;13500;KELP;2022;30;;;;;2025;8;2026;30;;;2023.5;0.0
-1;13600;RAINFOREST_RESIN;9995;25;;;;;10002;10;10005;25;;;9998.5;0.0
-1;13600;KELP;2023;24;;;;;2025;3;2026;25;;;2024.0;0.0
-1;13600;SQUID_INK;2010;24;;;;;2012;3;2013;25;;;2011.0;0.0
-1;13700;SQUID_INK;2008;25;;;;;2011;21;;;;;2009.5;0.0
-1;13700;KELP;2023;25;;;;;2026;21;;;;;2024.5;0.0
-1;13700;RAINFOREST_RESIN;9996;1;9995;20;;;9998;4;10004;1;10005;20;9997.0;0.0
-1;13800;KELP;2023;23;;;;;2026;22;;;;;2024.5;0.0
-1;13800;SQUID_INK;2007;23;;;;;2010;22;;;;;2008.5;0.0
-1;13800;RAINFOREST_RESIN;9996;2;9995;20;;;10004;2;10005;20;;;10000.0;0.0
-1;13900;RAINFOREST_RESIN;9996;2;9995;20;;;10000;6;10004;2;10005;20;9998.0;0.0
-1;13900;SQUID_INK;2008;22;;;;;2009;6;2010;4;2011;22;2008.5;0.0
-1;13900;KELP;2023;22;;;;;2024;6;2025;4;2026;22;2023.5;0.0
-1;14000;RAINFOREST_RESIN;9998;5;9996;2;9995;27;10004;2;10005;27;;;10001.0;0.0
-1;14000;KELP;2023;3;2022;29;;;2026;29;;;;;2024.5;0.0
-1;14000;SQUID_INK;2008;3;2007;29;;;2011;29;;;;;2009.5;0.0
-1;14100;SQUID_INK;2008;25;;;;;2010;1;2011;25;;;2009.0;0.0
-1;14100;KELP;2023;25;;;;;2025;1;2026;25;;;2024.0;0.0
-1;14100;RAINFOREST_RESIN;9996;2;9995;23;;;10004;2;10005;23;;;10000.0;0.0
-1;14200;KELP;2023;20;;;;;2026;21;;;;;2024.5;0.0
-1;14200;SQUID_INK;2008;20;;;;;2011;21;;;;;2009.5;0.0
-1;14200;RAINFOREST_RESIN;9995;21;;;;;10005;21;;;;;10000.0;0.0
-1;14300;RAINFOREST_RESIN;9996;2;9995;27;;;10004;2;10005;27;;;10000.0;0.0
-1;14300;SQUID_INK;2008;29;;;;;2011;29;;;;;2009.5;0.0
-1;14300;KELP;2022;29;;;;;2026;29;;;;;2024.0;0.0
-1;14400;RAINFOREST_RESIN;9996;1;9995;29;;;10004;1;10005;29;;;10000.0;0.0
-1;14400;KELP;2023;30;;;;;2026;30;;;;;2024.5;0.0
-1;14400;SQUID_INK;2009;30;;;;;2012;30;;;;;2010.5;0.0
-1;14500;SQUID_INK;2007;24;;;;;2011;24;;;;;2009.0;0.0
-1;14500;KELP;2023;24;;;;;2026;24;;;;;2024.5;0.0
-1;14500;RAINFOREST_RESIN;9995;24;;;;;10002;1;10005;24;;;9998.5;0.0
-1;14600;KELP;2022;28;;;;;2024;2;2026;28;;;2023.0;0.0
-1;14600;SQUID_INK;2006;28;;;;;2007;2;2010;28;;;2006.5;0.0
-1;14600;RAINFOREST_RESIN;9996;2;9995;26;;;10000;2;10004;2;10005;26;9998.0;0.0
-1;14700;RAINFOREST_RESIN;9995;30;;;;;10002;7;10005;30;;;9998.5;0.0
-1;14700;SQUID_INK;2005;30;;;;;2009;30;;;;;2007.0;0.0
-1;14700;KELP;2022;30;;;;;2025;30;;;;;2023.5;0.0
-1;14800;RAINFOREST_RESIN;9995;28;;;;;10002;6;10005;28;;;9998.5;0.0
-1;14800;KELP;2022;28;;;;;2025;28;;;;;2023.5;0.0
-1;14800;SQUID_INK;2006;28;;;;;2009;28;;;;;2007.5;0.0
-1;14900;SQUID_INK;2006;4;2005;26;;;2008;26;;;;;2007.0;0.0
-1;14900;KELP;2023;4;2022;26;;;2025;26;;;;;2024.0;0.0
-1;14900;RAINFOREST_RESIN;10000;4;9995;26;;;10005;26;;;;;10002.5;0.0
-1;15000;KELP;2024;8;2022;25;;;2025;25;;;;;2024.5;0.0
-1;15000;SQUID_INK;2007;8;2005;25;;;2008;25;;;;;2007.5;0.0
-1;15000;RAINFOREST_RESIN;9998;1;9995;25;;;10005;25;;;;;10001.5;0.0
-1;15100;RAINFOREST_RESIN;9995;22;;;;;10005;22;;;;;10000.0;0.0
-1;15100;SQUID_INK;2003;27;;;;;2006;22;;;;;2004.5;0.0
-1;15100;KELP;2022;27;;;;;2025;22;;;;;2023.5;0.0
-1;15200;RAINFOREST_RESIN;9998;6;9995;27;;;10005;27;;;;;10001.5;0.0
-1;15200;KELP;2022;26;;;;;2025;27;;;;;2023.5;0.0
-1;15200;SQUID_INK;2002;26;;;;;2005;27;;;;;2003.5;0.0
-1;15300;SQUID_INK;2002;26;;;;;2004;4;2005;26;;;2003.0;0.0
-1;15300;KELP;2022;26;;;;;2024;4;2025;26;;;2023.0;0.0
-1;15300;RAINFOREST_RESIN;9995;26;;;;;10002;1;10005;26;;;9998.5;0.0
-1;15400;KELP;2022;35;;;;;2025;30;;;;;2023.5;0.0
-1;15400;SQUID_INK;2002;7;2001;28;;;2005;30;;;;;2003.5;0.0
-1;15400;RAINFOREST_RESIN;9996;2;9995;28;;;9998;1;10004;2;10005;28;9997.0;0.0
-1;15500;RAINFOREST_RESIN;10002;1;9996;2;9995;29;10004;2;10005;29;;;10003.0;0.0
-1;15500;KELP;2022;31;;;;;2024;8;2025;31;;;2023.0;0.0
-1;15500;SQUID_INK;2001;31;;;;;2003;8;2005;31;;;2002.0;0.0
-1;15600;RAINFOREST_RESIN;9996;2;9995;24;;;10004;2;10005;24;;;10000.0;0.0
-1;15600;KELP;2022;31;;;;;2025;26;;;;;2023.5;0.0
-1;15600;SQUID_INK;2000;7;1999;24;;;2003;26;;;;;2001.5;0.0
-1;15700;KELP;2022;25;;;;;2025;25;;;;;2023.5;0.0
-1;15700;SQUID_INK;2000;25;;;;;2003;25;;;;;2001.5;0.0
-1;15700;RAINFOREST_RESIN;10002;5;9996;1;9995;24;10004;1;10005;24;;;10003.0;0.0
-1;15800;KELP;2025;1;2022;22;;;2026;22;;;;;2025.5;0.0
-1;15800;SQUID_INK;2000;1;1998;22;;;2001;22;;;;;2000.5;0.0
-1;15800;RAINFOREST_RESIN;9998;10;9996;2;9995;20;10004;2;10005;20;;;10001.0;0.0
-1;15900;RAINFOREST_RESIN;9996;2;9995;29;;;10000;6;10004;2;10005;29;9998.0;0.0
-1;15900;KELP;2023;31;;;;;2024;6;2025;2;2026;31;2023.5;0.0
-1;15900;SQUID_INK;2001;31;;;;;2002;6;2003;2;2005;31;2001.5;0.0
-1;16000;RAINFOREST_RESIN;9996;2;9995;27;;;10002;6;10004;2;10005;27;9999.0;0.0
-1;16000;KELP;2023;29;;;;;2025;2;2026;29;;;2024.0;0.0
-1;16000;SQUID_INK;2001;29;;;;;2003;2;2004;29;;;2002.0;0.0
-1;16100;KELP;2022;21;;;;;2023;2;2026;21;;;2022.5;0.0
-1;16100;SQUID_INK;2003;21;;;;;2005;2;2007;21;;;2004.0;0.0
-1;16100;RAINFOREST_RESIN;9995;21;;;;;10000;2;10002;10;10005;21;9997.5;0.0
-1;16200;KELP;2022;24;;;;;2023;1;2026;24;;;2022.5;0.0
-1;16200;SQUID_INK;2003;24;;;;;2004;1;2007;24;;;2003.5;0.0
-1;16200;RAINFOREST_RESIN;9995;24;;;;;9998;1;10005;24;;;9996.5;0.0
-1;16300;RAINFOREST_RESIN;9996;1;9995;22;;;10004;1;10005;22;;;10000.0;0.0
-1;16300;KELP;2023;2;2022;23;;;2026;23;;;;;2024.5;0.0
-1;16300;SQUID_INK;2004;25;;;;;2007;23;;;;;2005.5;0.0
-1;16400;RAINFOREST_RESIN;9996;2;9995;30;;;10002;3;10004;2;10005;30;9999.0;0.0
-1;16400;SQUID_INK;2004;32;;;;;2007;32;;;;;2005.5;0.0
-1;16400;KELP;2023;2;2022;30;;;2026;32;;;;;2024.5;0.0
-1;16500;SQUID_INK;2002;23;;;;;2006;23;;;;;2004.0;0.0
-1;16500;KELP;2023;2;2022;21;;;2026;23;;;;;2024.5;0.0
-1;16500;RAINFOREST_RESIN;9996;2;9995;21;;;10002;7;10004;2;10005;21;9999.0;0.0
-1;16600;SQUID_INK;2003;1;2002;28;;;2006;30;;;;;2004.5;0.0
-1;16600;KELP;2022;30;;;;;2023;1;2026;30;;;2022.5;0.0
-1;16600;RAINFOREST_RESIN;9998;4;9996;2;9995;28;10004;2;10005;28;;;10001.0;0.0
-1;16700;RAINFOREST_RESIN;10002;1;9995;26;;;10005;26;;;;;10003.5;0.0
-1;16700;SQUID_INK;2004;1;2002;26;;;2006;26;;;;;2005.0;0.0
-1;16700;KELP;2025;1;2022;26;;;2026;26;;;;;2025.5;0.0
-1;16800;RAINFOREST_RESIN;9995;26;;;;;10005;26;;;;;10000.0;0.0
-1;16800;SQUID_INK;2005;26;;;;;2008;26;;;;;2006.5;0.0
-1;16800;KELP;2022;26;;;;;2026;26;;;;;2024.0;0.0
-1;16900;SQUID_INK;2003;26;;;;;2006;26;;;;;2004.5;0.0
-1;16900;KELP;2023;1;2022;25;;;2026;26;;;;;2024.5;0.0
-1;16900;RAINFOREST_RESIN;9996;1;9995;25;;;10004;1;10005;25;;;10000.0;0.0
-1;17000;SQUID_INK;2004;29;;;;;2007;29;;;;;2005.5;0.0
-1;17000;KELP;2023;29;;;;;2026;29;;;;;2024.5;0.0
-1;17000;RAINFOREST_RESIN;9998;9;9995;29;;;10005;29;;;;;10001.5;0.0
-1;17100;SQUID_INK;2004;23;;;;;2007;23;;;;;2005.5;0.0
-1;17100;KELP;2023;23;;;;;2026;23;;;;;2024.5;0.0
-1;17100;RAINFOREST_RESIN;9996;2;9995;21;;;10004;2;10005;21;;;10000.0;0.0
-1;17200;RAINFOREST_RESIN;9998;3;9996;2;9995;22;10004;2;10005;22;;;10001.0;0.0
-1;17200;SQUID_INK;2004;24;;;;;2007;24;;;;;2005.5;0.0
-1;17200;KELP;2023;24;;;;;2026;24;;;;;2024.5;0.0
-1;17300;SQUID_INK;2004;25;;;;;2006;6;2007;25;;;2005.0;0.0
-1;17300;KELP;2023;25;;;;;2025;6;2026;25;;;2024.0;0.0
-1;17300;RAINFOREST_RESIN;9996;2;9995;23;;;10002;9;10004;2;10005;23;9999.0;0.0
-1;17400;RAINFOREST_RESIN;10000;6;9998;7;9995;28;10005;28;;;;;10002.5;0.0
-1;17400;SQUID_INK;2005;6;2004;28;;;2007;28;;;;;2006.0;0.0
-1;17400;KELP;2024;6;2023;28;;;2026;28;;;;;2025.0;0.0
-1;17500;SQUID_INK;2005;26;;;;;2008;26;;;;;2006.5;0.0
-1;17500;KELP;2023;26;;;;;2027;26;;;;;2025.0;0.0
-1;17500;RAINFOREST_RESIN;9995;26;;;;;10005;26;;;;;10000.0;0.0
-1;17600;SQUID_INK;2002;30;;;;;2006;30;;;;;2004.0;0.0
-1;17600;RAINFOREST_RESIN;9998;6;9995;30;;;10005;30;;;;;10001.5;0.0
-1;17600;KELP;2023;30;;;;;2026;30;;;;;2024.5;0.0
-1;17700;KELP;2025;1;2023;29;;;2026;29;;;;;2025.5;0.0
-1;17700;RAINFOREST_RESIN;9996;2;9995;27;;;10004;2;10005;27;;;10000.0;0.0
-1;17700;SQUID_INK;2005;1;2003;29;;;2006;29;;;;;2005.5;0.0
-1;17800;RAINFOREST_RESIN;9996;2;9995;24;;;10002;5;10004;2;10005;24;9999.0;0.0
-1;17800;KELP;2023;26;;;;;2026;2;2027;24;;;2024.5;0.0
-1;17800;SQUID_INK;2002;26;;;;;2005;26;;;;;2003.5;0.0
-1;17900;SQUID_INK;2001;23;;;;;2004;23;;;;;2002.5;0.0
-1;17900;KELP;2023;23;;;;;2027;23;;;;;2025.0;0.0
-1;17900;RAINFOREST_RESIN;9995;23;;;;;10005;23;;;;;10000.0;0.0
-1;18000;SQUID_INK;2003;27;;;;;2006;27;;;;;2004.5;0.0
-1;18000;RAINFOREST_RESIN;9996;2;9995;25;;;10004;2;10005;25;;;10000.0;0.0
-1;18000;KELP;2023;27;;;;;2026;27;;;;;2024.5;0.0
-1;18100;KELP;2023;20;;;;;2027;20;;;;;2025.0;0.0
-1;18100;RAINFOREST_RESIN;9995;20;;;;;10005;20;;;;;10000.0;0.0
-1;18100;SQUID_INK;2003;20;;;;;2006;20;;;;;2004.5;0.0
-1;18200;RAINFOREST_RESIN;9996;1;9995;25;;;10004;1;10005;25;;;10000.0;0.0
-1;18200;KELP;2024;21;;;;;2027;26;;;;;2025.5;0.0
-1;18200;SQUID_INK;2003;21;;;;;2006;26;;;;;2004.5;0.0
-1;18300;SQUID_INK;2002;25;;;;;2005;25;;;;;2003.5;0.0
-1;18300;KELP;2023;25;;;;;2027;25;;;;;2025.0;0.0
-1;18300;RAINFOREST_RESIN;9996;2;9995;23;;;10004;2;10005;23;;;10000.0;0.0
-1;18400;SQUID_INK;2002;2;2001;23;;;2004;5;2005;25;;;2003.0;0.0
-1;18400;RAINFOREST_RESIN;9996;2;9995;23;;;10004;2;10005;23;;;10000.0;0.0
-1;18400;KELP;2024;25;;;;;2026;5;2027;25;;;2025.0;0.0
-1;18500;KELP;2024;29;;;;;2025;1;2027;29;;;2024.5;0.0
-1;18500;RAINFOREST_RESIN;9995;29;;;;;10000;2;10005;29;;;9997.5;0.0
-1;18500;SQUID_INK;2003;29;;;;;2004;1;2007;29;;;2003.5;0.0
-1;18600;RAINFOREST_RESIN;10002;1;9995;20;;;10005;20;;;;;10003.5;0.0
-1;18600;KELP;2024;20;;;;;2026;5;2027;20;;;2025.0;0.0
-1;18600;SQUID_INK;2002;20;;;;;2004;5;2006;20;;;2003.0;0.0
-1;18700;SQUID_INK;2003;22;;;;;2006;22;;;;;2004.5;0.0
-1;18700;KELP;2024;22;;;;;2027;22;;;;;2025.5;0.0
-1;18700;RAINFOREST_RESIN;9995;22;;;;;10005;22;;;;;10000.0;0.0
-1;18800;SQUID_INK;2003;28;;;;;2006;28;;;;;2004.5;0.0
-1;18800;RAINFOREST_RESIN;9996;2;9995;26;;;10004;2;10005;26;;;10000.0;0.0
-1;18800;KELP;2024;28;;;;;2027;28;;;;;2025.5;0.0
-1;18900;KELP;2024;22;;;;;2027;22;;;;;2025.5;0.0
-1;18900;RAINFOREST_RESIN;9998;2;9995;22;;;10005;22;;;;;10001.5;0.0
-1;18900;SQUID_INK;2003;22;;;;;2006;22;;;;;2004.5;0.0
-1;19000;RAINFOREST_RESIN;9996;2;9995;26;;;10004;2;10005;26;;;10000.0;0.0
-1;19000;KELP;2024;18;;;;;2027;28;;;;;2025.5;0.0
-1;19000;SQUID_INK;2002;18;;;;;2005;28;;;;;2003.5;0.0
-1;19100;SQUID_INK;2000;28;;;;;2003;28;;;;;2001.5;0.0
-1;19100;KELP;2024;28;;;;;2027;28;;;;;2025.5;0.0
-1;19100;RAINFOREST_RESIN;9996;2;9995;26;;;10004;2;10005;26;;;10000.0;0.0
-1;19200;SQUID_INK;2002;21;;;;;2006;21;;;;;2004.0;0.0
-1;19200;RAINFOREST_RESIN;9996;1;9995;20;;;9998;1;10004;1;10005;20;9997.0;0.0
-1;19200;KELP;2024;21;;;;;2027;21;;;;;2025.5;0.0
-1;19300;KELP;2024;23;;;;;2027;23;;;;;2025.5;0.0
-1;19300;RAINFOREST_RESIN;9996;2;9995;21;;;10004;2;10005;21;;;10000.0;0.0
-1;19300;SQUID_INK;2001;23;;;;;2004;2;2005;21;;;2002.5;0.0
-1;19400;RAINFOREST_RESIN;9995;26;;;;;10005;26;;;;;10000.0;0.0
-1;19400;KELP;2023;26;;;;;2027;26;;;;;2025.0;0.0
-1;19400;SQUID_INK;2002;26;;;;;2005;26;;;;;2003.5;0.0
-1;19500;SQUID_INK;2002;23;;;;;2005;23;;;;;2003.5;0.0
-1;19500;KELP;2024;23;;;;;2027;23;;;;;2025.5;0.0
-1;19500;RAINFOREST_RESIN;9995;23;;;;;10005;23;;;;;10000.0;0.0
-1;19600;SQUID_INK;2001;29;;;;;2004;29;;;;;2002.5;0.0
-1;19600;RAINFOREST_RESIN;9996;2;9995;27;;;10004;2;10005;27;;;10000.0;0.0
-1;19600;KELP;2024;2;2023;27;;;2027;29;;;;;2025.5;0.0
-1;19700;KELP;2024;31;;;;;2026;7;2027;32;;;2025.0;0.0
-1;19700;RAINFOREST_RESIN;10002;1;9996;2;9995;30;10004;2;10005;30;;;10003.0;0.0
-1;19700;SQUID_INK;2001;31;;;;;2003;7;2005;32;;;2002.0;0.0
-1;19800;RAINFOREST_RESIN;9996;2;9995;29;;;10004;2;10005;29;;;10000.0;0.0
-1;19800;KELP;2024;31;;;;;2027;31;;;;;2025.5;0.0
-1;19800;SQUID_INK;2000;31;;;;;2003;31;;;;;2001.5;0.0
-1;19900;KELP;2024;32;;;;;2027;32;;;;;2025.5;0.0
-1;19900;SQUID_INK;2000;32;;;;;2003;32;;;;;2001.5;0.0
-1;19900;RAINFOREST_RESIN;9996;2;9995;30;;;10004;2;10005;30;;;10000.0;0.0
-1;20000;KELP;2024;2;2023;27;;;2027;27;;;;;2025.5;0.0
-1;20000;SQUID_INK;2001;2;2000;27;;;2004;27;;;;;2002.5;0.0
-1;20000;RAINFOREST_RESIN;9995;27;;;;;10002;4;10005;27;;;9998.5;0.0
-1;20100;RAINFOREST_RESIN;10002;1;9996;1;9995;30;10004;1;10005;30;;;10003.0;0.0
-1;20100;KELP;2023;31;;;;;2025;4;2027;31;;;2024.0;0.0
-1;20100;SQUID_INK;2001;31;;;;;2003;4;2004;31;;;2002.0;0.0
-1;20200;RAINFOREST_RESIN;9995;29;;;;;9998;1;10005;29;;;9996.5;0.0
-1;20200;KELP;2023;29;;;;;2027;29;;;;;2025.0;0.0
-1;20200;SQUID_INK;1999;29;;;;;2002;29;;;;;2000.5;0.0
-1;20300;KELP;2024;26;;;;;2027;27;;;;;2025.5;0.0
-1;20300;SQUID_INK;1999;26;;;;;2002;27;;;;;2000.5;0.0
-1;20300;RAINFOREST_RESIN;9995;27;;;;;10005;27;;;;;10000.0;0.0
-1;20400;KELP;2024;30;;;;;2025;4;2027;29;;;2024.5;0.0
-1;20400;SQUID_INK;1998;30;;;;;1999;4;2001;29;;;1998.5;0.0
-1;20400;RAINFOREST_RESIN;9996;1;9995;28;;;10000;4;10004;1;10005;28;9998.0;0.0
-1;20500;RAINFOREST_RESIN;10000;3;9996;2;9995;30;10004;2;10005;30;;;10002.0;0.0
-1;20500;KELP;2025;4;2024;7;2023;30;2027;32;;;;;2026.0;0.0
-1;20500;SQUID_INK;2002;4;2001;7;2000;30;2004;32;;;;;2003.0;0.0
-1;20600;RAINFOREST_RESIN;9996;2;9995;26;;;10004;2;10005;26;;;10000.0;0.0
-1;20600;KELP;2023;28;;;;;2027;28;;;;;2025.0;0.0
-1;20600;SQUID_INK;2001;28;;;;;2004;2;2005;26;;;2002.5;0.0
-1;20700;KELP;2025;6;2023;22;;;2027;22;;;;;2026.0;0.0
-1;20700;SQUID_INK;2001;6;2000;22;;;2003;22;;;;;2002.0;0.0
-1;20700;RAINFOREST_RESIN;10002;1;10000;6;9998;4;10005;22;;;;;10003.5;0.0
-1;20800;KELP;2024;2;2023;22;;;2027;24;;;;;2025.5;0.0
-1;20800;SQUID_INK;2000;24;;;;;2003;24;;;;;2001.5;0.0
-1;20800;RAINFOREST_RESIN;9996;2;9995;22;;;10004;2;10005;22;;;10000.0;0.0
-1;20900;RAINFOREST_RESIN;9995;23;;;;;10005;23;;;;;10000.0;0.0
-1;20900;SQUID_INK;2002;1;2000;23;;;2003;23;;;;;2002.5;0.0
-1;20900;KELP;2026;1;2023;23;;;2027;23;;;;;2026.5;0.0
-1;21000;RAINFOREST_RESIN;9996;2;9995;26;;;10004;2;10005;26;;;10000.0;0.0
-1;21000;SQUID_INK;2000;28;;;;;2003;28;;;;;2001.5;0.0
-1;21000;KELP;2024;28;;;;;2027;28;;;;;2025.5;0.0
-1;21100;SQUID_INK;2000;24;;;;;2003;24;;;;;2001.5;0.0
-1;21100;KELP;2024;2;2023;22;;;2027;24;;;;;2025.5;0.0
-1;21100;RAINFOREST_RESIN;9996;2;9995;22;;;10004;2;10005;22;;;10000.0;0.0
-1;21200;SQUID_INK;2000;22;;;;;2003;22;;;;;2001.5;0.0
-1;21200;KELP;2024;22;;;;;2027;22;;;;;2025.5;0.0
-1;21200;RAINFOREST_RESIN;9995;22;;;;;9998;1;10005;22;;;9996.5;0.0
-1;21300;RAINFOREST_RESIN;9996;1;9995;29;;;10002;7;10004;1;10005;29;9999.0;0.0
-1;21300;SQUID_INK;2000;30;;;;;2003;30;;;;;2001.5;0.0
-1;21300;KELP;2024;1;2023;29;;;2027;30;;;;;2025.5;0.0
-1;21400;RAINFOREST_RESIN;9995;28;;;;;10005;28;;;;;10000.0;0.0
-1;21400;SQUID_INK;2000;28;;;;;2003;28;;;;;2001.5;0.0
-1;21400;KELP;2024;28;;;;;2027;28;;;;;2025.5;0.0
-1;21500;SQUID_INK;2001;4;2000;1;1999;20;2003;21;;;;;2002.0;0.0
-1;21500;KELP;2026;4;2024;21;;;2027;21;;;;;2026.5;0.0
-1;21500;RAINFOREST_RESIN;9996;1;9995;20;;;10004;1;10005;20;;;10000.0;0.0
-1;21600;SQUID_INK;1997;27;;;;;2000;27;;;;;1998.5;0.0
-1;21600;KELP;2024;27;;;;;2027;2;2028;25;;;2025.5;0.0
-1;21600;RAINFOREST_RESIN;10002;12;9996;2;9995;25;10004;2;10005;25;;;10003.0;0.0
-1;21700;RAINFOREST_RESIN;9998;8;9996;2;9995;29;10004;2;10005;29;;;10001.0;0.0
-1;21700;SQUID_INK;1996;31;;;;;1999;31;;;;;1997.5;0.0
-1;21700;KELP;2024;31;;;;;2027;31;;;;;2025.5;0.0
-1;21800;RAINFOREST_RESIN;9996;2;9995;22;;;10004;2;10005;22;;;10000.0;0.0
-1;21800;SQUID_INK;1996;24;;;;;2000;24;;;;;1998.0;0.0
-1;21800;KELP;2024;24;;;;;2028;24;;;;;2026.0;0.0
-1;21900;SQUID_INK;1996;1;1995;21;;;1999;22;;;;;1997.5;0.0
-1;21900;KELP;2024;22;;;;;2028;22;;;;;2026.0;0.0
-1;21900;RAINFOREST_RESIN;10002;3;9996;1;9995;21;10004;1;10005;21;;;10003.0;0.0
-1;22000;KELP;2024;21;;;;;2028;21;;;;;2026.0;0.0
-1;22000;SQUID_INK;1996;21;;;;;1999;21;;;;;1997.5;0.0
-1;22000;RAINFOREST_RESIN;9995;21;;;;;10005;21;;;;;10000.0;0.0
-1;22100;RAINFOREST_RESIN;9996;2;9995;22;;;10002;7;10004;2;10005;22;9999.0;0.0
-1;22100;SQUID_INK;1996;23;;;;;1999;24;;;;;1997.5;0.0
-1;22100;KELP;2024;23;;;;;2027;24;;;;;2025.5;0.0
-1;22200;RAINFOREST_RESIN;9998;6;9996;1;9995;20;10004;1;10005;20;;;10001.0;0.0
-1;22200;KELP;2024;21;;;;;2027;21;;;;;2025.5;0.0
-1;22200;SQUID_INK;1995;21;;;;;1999;21;;;;;1997.0;0.0
-1;22300;SQUID_INK;1996;29;;;;;1999;29;;;;;1997.5;0.0
-1;22300;KELP;2023;29;;;;;2026;1;2027;28;;;2024.5;0.0
-1;22300;RAINFOREST_RESIN;9996;1;9995;28;;;10004;1;10005;28;;;10000.0;0.0
-1;22400;KELP;2023;29;;;;;2026;29;;;;;2024.5;0.0
-1;22400;SQUID_INK;1996;2;1995;27;;;1999;29;;;;;1997.5;0.0
-1;22400;RAINFOREST_RESIN;9996;2;9995;27;;;9998;1;10004;2;10005;27;9997.0;0.0
-1;22500;RAINFOREST_RESIN;9996;2;9995;29;;;10004;2;10005;29;;;10000.0;0.0
-1;22500;SQUID_INK;1996;31;;;;;1999;31;;;;;1997.5;0.0
-1;22500;KELP;2023;31;;;;;2026;31;;;;;2024.5;0.0
-1;22600;RAINFOREST_RESIN;10000;6;9998;6;9996;2;10004;2;10005;20;;;10002.0;0.0
-1;22600;KELP;2024;6;2023;26;;;2026;22;;;;;2025.0;0.0
-1;22600;SQUID_INK;1996;10;1995;22;;;1998;2;1999;20;;;1997.0;0.0
-1;22700;SQUID_INK;1995;25;;;;;1999;26;;;;;1997.0;0.0
-1;22700;KELP;2023;25;;;;;2026;26;;;;;2024.5;0.0
-1;22700;RAINFOREST_RESIN;9996;2;9995;24;;;10004;2;10005;24;;;10000.0;0.0
-1;22800;KELP;2023;27;;;;;2026;28;;;;;2024.5;0.0
-1;22800;SQUID_INK;1996;27;;;;;1999;28;;;;;1997.5;0.0
-1;22800;RAINFOREST_RESIN;9996;1;9995;27;;;9998;2;10004;1;10005;27;9997.0;0.0
-1;22900;RAINFOREST_RESIN;9996;2;9995;30;;;10002;8;10004;2;10005;30;9999.0;0.0
-1;22900;SQUID_INK;1996;32;;;;;1999;32;;;;;1997.5;0.0
-1;22900;KELP;2023;2;2022;30;;;2026;32;;;;;2024.5;0.0
-1;23000;RAINFOREST_RESIN;9996;1;9995;21;;;10004;1;10005;21;;;10000.0;0.0
-1;23000;KELP;2022;22;;;;;2026;22;;;;;2024.0;0.0
-1;23000;SQUID_INK;1997;22;;;;;2000;22;;;;;1998.5;0.0
-1;23100;SQUID_INK;1997;23;;;;;2000;23;;;;;1998.5;0.0
-1;23100;KELP;2023;23;;;;;2026;23;;;;;2024.5;0.0
-1;23100;RAINFOREST_RESIN;9998;8;9995;23;;;10005;23;;;;;10001.5;0.0
-1;23200;KELP;2023;2;2022;29;;;2024;3;2026;31;;;2023.5;0.0
-1;23200;SQUID_INK;1996;31;;;;;1998;3;2000;31;;;1997.0;0.0
-1;23200;RAINFOREST_RESIN;9998;5;9996;2;9995;29;10004;2;10005;29;;;10001.0;0.0
-1;23300;RAINFOREST_RESIN;9996;1;9995;29;;;10004;1;10005;29;;;10000.0;0.0
-1;23300;SQUID_INK;1997;30;;;;;2000;30;;;;;1998.5;0.0
-1;23300;KELP;2023;30;;;;;2026;30;;;;;2024.5;0.0
-1;23400;RAINFOREST_RESIN;9996;1;9995;29;;;10004;1;10005;29;;;10000.0;0.0
-1;23400;KELP;2023;30;;;;;2026;30;;;;;2024.5;0.0
-1;23400;SQUID_INK;1996;30;;;;;1999;30;;;;;1997.5;0.0
-1;23500;SQUID_INK;1996;29;;;;;1998;4;1999;30;;;1997.0;0.0
-1;23500;KELP;2023;29;;;;;2025;4;2026;30;;;2024.0;0.0
-1;23500;RAINFOREST_RESIN;9998;8;9996;2;9995;28;10004;2;10005;28;;;10001.0;0.0
-1;23600;KELP;2022;27;;;;;2026;27;;;;;2024.0;0.0
-1;23600;SQUID_INK;1995;27;;;;;1998;27;;;;;1996.5;0.0
-1;23600;RAINFOREST_RESIN;9995;27;;;;;10005;27;;;;;10000.0;0.0
-1;23700;RAINFOREST_RESIN;10002;1;9996;2;9995;21;10004;2;10005;21;;;10003.0;0.0
-1;23700;SQUID_INK;1994;23;;;;;1996;7;1998;23;;;1995.0;0.0
-1;23700;KELP;2023;2;2022;21;;;2025;7;2026;23;;;2024.0;0.0
-1;23800;RAINFOREST_RESIN;9995;30;;;;;10005;30;;;;;10000.0;0.0
-1;23800;KELP;2024;1;2022;30;;;2026;30;;;;;2025.0;0.0
-1;23800;SQUID_INK;1995;1;1993;30;;;1997;30;;;;;1996.0;0.0
-1;23900;SQUID_INK;1994;1;1992;31;;;1995;30;;;;;1994.5;0.0
-1;23900;KELP;2025;1;2023;1;2022;30;2026;30;;;;;2025.5;0.0
-1;23900;RAINFOREST_RESIN;9995;30;;;;;10005;30;;;;;10000.0;0.0
-1;24000;KELP;2022;29;;;;;2026;29;;;;;2024.0;0.0
-1;24000;SQUID_INK;1992;29;;;;;1995;29;;;;;1993.5;0.0
-1;24000;RAINFOREST_RESIN;9998;9;9995;29;;;10005;29;;;;;10001.5;0.0
-1;24100;RAINFOREST_RESIN;9996;1;9995;25;;;10004;1;10005;25;;;10000.0;0.0
-1;24100;SQUID_INK;1992;26;;;;;1994;3;1995;26;;;1993.0;0.0
-1;24100;KELP;2023;1;2022;25;;;2025;3;2026;26;;;2024.0;0.0
-1;24200;RAINFOREST_RESIN;9996;2;9995;28;;;10002;6;10004;2;10005;28;9999.0;0.0
-1;24200;KELP;2023;30;;;;;2026;30;;;;;2024.5;0.0
-1;24200;SQUID_INK;1992;30;;;;;1995;30;;;;;1993.5;0.0
-1;24300;KELP;2023;26;;;;;2026;26;;;;;2024.5;0.0
-1;24300;SQUID_INK;1992;26;;;;;1995;26;;;;;1993.5;0.0
-1;24300;RAINFOREST_RESIN;9996;2;9995;24;;;10002;1;10004;2;10005;24;9999.0;0.0
-1;24400;KELP;2025;1;2023;22;;;2026;22;;;;;2025.5;0.0
-1;24400;SQUID_INK;1994;1;1992;22;;;1995;22;;;;;1994.5;0.0
-1;24400;RAINFOREST_RESIN;10002;1;9998;4;9996;1;10004;1;10005;21;;;10003.0;0.0
-1;24500;RAINFOREST_RESIN;10002;1;9996;1;9995;25;10004;1;10005;25;;;10003.0;0.0
-1;24500;KELP;2022;26;;;;;2026;26;;;;;2024.0;0.0
-1;24500;SQUID_INK;1992;26;;;;;1995;26;;;;;1993.5;0.0
-1;24600;RAINFOREST_RESIN;9995;24;;;;;9998;2;10005;24;;;9996.5;0.0
-1;24600;KELP;2022;24;;;;;2024;2;2026;24;;;2023.0;0.0
-1;24600;SQUID_INK;1993;24;;;;;1995;2;1997;24;;;1994.0;0.0
-1;24700;KELP;2023;25;;;;;2026;25;;;;;2024.5;0.0
-1;24700;SQUID_INK;1993;25;;;;;1996;25;;;;;1994.5;0.0
-1;24700;RAINFOREST_RESIN;9995;25;;;;;10005;25;;;;;10000.0;0.0
-1;24800;KELP;2022;23;;;;;2026;23;;;;;2024.0;0.0
-1;24800;SQUID_INK;1992;23;;;;;1996;23;;;;;1994.0;0.0
-1;24800;RAINFOREST_RESIN;9995;23;;;;;10005;23;;;;;10000.0;0.0
-1;24900;RAINFOREST_RESIN;10002;1;9996;1;9995;22;10004;1;10005;22;;;10003.0;0.0
-1;24900;KELP;2024;4;2022;23;;;2026;23;;;;;2025.0;0.0
-1;24900;SQUID_INK;1993;4;1992;1;1991;22;1995;23;;;;;1994.0;0.0
-1;25000;RAINFOREST_RESIN;9995;23;;;;;10005;23;;;;;10000.0;0.0
-1;25000;KELP;2023;23;;;;;2026;23;;;;;2024.5;0.0
-1;25000;SQUID_INK;1993;23;;;;;1996;23;;;;;1994.5;0.0
-1;25100;KELP;2022;25;;;;;2024;4;2026;25;;;2023.0;0.0
-1;25100;SQUID_INK;1993;25;;;;;1995;4;1997;25;;;1994.0;0.0
-1;25100;RAINFOREST_RESIN;10002;1;9995;25;;;10005;25;;;;;10003.5;0.0
-1;25200;KELP;2023;1;2022;24;;;2025;3;2026;25;;;2024.0;0.0
-1;25200;SQUID_INK;1994;25;;;;;1996;3;1997;25;;;1995.0;0.0
-1;25200;RAINFOREST_RESIN;9996;1;9995;24;;;9998;5;10004;1;10005;24;9997.0;0.0
-1;25300;RAINFOREST_RESIN;9996;2;9995;22;;;10004;2;10005;22;;;10000.0;0.0
-1;25300;SQUID_INK;1996;26;;;;;1999;24;;;;;1997.5;0.0
-1;25300;KELP;2023;4;2022;22;;;2026;24;;;;;2024.5;0.0
-1;25400;RAINFOREST_RESIN;9996;1;9995;29;;;10004;1;10005;29;;;10000.0;0.0
-1;25400;SQUID_INK;1998;8;1996;30;;;2000;30;;;;;1999.0;0.0
-1;25400;KELP;2025;8;2023;30;;;2026;30;;;;;2025.5;0.0
-1;25500;SQUID_INK;1997;21;;;;;2000;21;;;;;1998.5;0.0
-1;25500;KELP;2022;21;;;;;2025;21;;;;;2023.5;0.0
-1;25500;RAINFOREST_RESIN;9996;1;9995;20;;;9998;6;10002;9;10004;1;9997.0;0.0
-1;25600;SQUID_INK;1995;8;1994;23;;;1998;23;;;;;1996.5;0.0
-1;25600;KELP;2023;31;;;;;2026;23;;;;;2024.5;0.0
-1;25600;RAINFOREST_RESIN;9996;1;9995;22;;;10002;7;10004;1;10005;22;9999.0;0.0
-1;25700;RAINFOREST_RESIN;9996;2;9995;30;;;10004;2;10005;30;;;10000.0;0.0
-1;25700;SQUID_INK;1993;32;;;;;1995;6;1997;32;;;1994.0;0.0
-1;25700;KELP;2023;32;;;;;2025;6;2026;32;;;2024.0;0.0
-1;25800;RAINFOREST_RESIN;10002;4;9995;24;;;10005;24;;;;;10003.5;0.0
-1;25800;SQUID_INK;1993;24;;;;;1994;1;1997;24;;;1993.5;0.0
-1;25800;KELP;2023;23;;;;;2026;24;;;;;2024.5;0.0
-1;25900;SQUID_INK;1994;25;;;;;1997;25;;;;;1995.5;0.0
-1;25900;KELP;2023;25;;;;;2026;25;;;;;2024.5;0.0
-1;25900;RAINFOREST_RESIN;9996;2;9995;23;;;10004;2;10005;23;;;10000.0;0.0
-1;26000;RAINFOREST_RESIN;9996;2;9995;27;;;10004;2;10005;27;;;10000.0;0.0
-1;26000;SQUID_INK;1994;29;;;;;1995;7;1997;2;1998;27;1994.5;0.0
-1;26000;KELP;2023;22;;;;;2026;29;;;;;2024.5;0.0
-1;26100;SQUID_INK;1995;20;;;;;1998;20;;;;;1996.5;0.0
-1;26100;KELP;2023;20;;;;;2026;20;;;;;2024.5;0.0
-1;26100;RAINFOREST_RESIN;9998;7;9995;20;;;10005;20;;;;;10001.5;0.0
-1;26200;RAINFOREST_RESIN;9996;1;9995;22;;;10004;1;10005;22;;;10000.0;0.0
-1;26200;SQUID_INK;1995;23;;;;;1999;23;;;;;1997.0;0.0
-1;26200;KELP;2023;23;;;;;2026;23;;;;;2024.5;0.0
-1;26300;SQUID_INK;1996;30;;;;;1999;30;;;;;1997.5;0.0
-1;26300;KELP;2023;30;;;;;2026;30;;;;;2024.5;0.0
-1;26300;RAINFOREST_RESIN;9996;1;9995;29;;;9998;1;10004;1;10005;29;9997.0;0.0
-1;26400;RAINFOREST_RESIN;9995;22;;;;;10005;22;;;;;10000.0;0.0
-1;26400;KELP;2023;27;;;;;2026;22;;;;;2024.5;0.0
-1;26400;SQUID_INK;2000;5;1999;22;;;2003;22;;;;;2001.5;0.0
-1;26500;SQUID_INK;1999;24;;;;;2002;24;;;;;2000.5;0.0
-1;26500;KELP;2023;24;;;;;2026;24;;;;;2024.5;0.0
-1;26500;RAINFOREST_RESIN;9996;1;9995;23;;;10004;1;10005;23;;;10000.0;0.0
-1;26600;SQUID_INK;1998;36;;;;;2001;30;;;;;1999.5;0.0
-1;26600;RAINFOREST_RESIN;9996;2;9995;28;;;9998;1;10004;2;10005;28;9997.0;0.0
-1;26600;KELP;2023;36;;;;;2026;30;;;;;2024.5;0.0
-1;26700;KELP;2023;24;;;;;2025;6;2026;24;;;2024.0;0.0
-1;26700;RAINFOREST_RESIN;9998;2;9996;1;9995;23;10004;1;10005;23;;;10001.0;0.0
-1;26700;SQUID_INK;1998;24;;;;;2000;6;2001;24;;;1999.0;0.0
-1;26800;RAINFOREST_RESIN;9996;2;9995;28;;;10004;2;10005;28;;;10000.0;0.0
-1;26800;KELP;2025;1;2023;30;;;2026;30;;;;;2025.5;0.0
-1;26800;SQUID_INK;2002;1;2000;30;;;2003;30;;;;;2002.5;0.0
-1;26900;SQUID_INK;1999;30;;;;;2000;1;2003;30;;;1999.5;0.0
-1;26900;KELP;2023;29;;;;;2026;30;;;;;2024.5;0.0
-1;26900;RAINFOREST_RESIN;10002;1;9995;30;;;10005;30;;;;;10003.5;0.0
-1;27000;SQUID_INK;2001;2;2000;28;;;2004;28;;;;;2002.5;0.0
-1;27000;RAINFOREST_RESIN;9995;28;;;;;10002;1;10005;28;;;9998.5;0.0
-1;27000;KELP;2023;30;;;;;2026;28;;;;;2024.5;0.0
-1;27100;KELP;2023;27;;;;;2026;24;;;;;2024.5;0.0
-1;27100;RAINFOREST_RESIN;9995;24;;;;;10005;24;;;;;10000.0;0.0
-1;27100;SQUID_INK;2000;27;;;;;2003;24;;;;;2001.5;0.0
-1;27200;RAINFOREST_RESIN;9998;2;9995;21;;;10005;21;;;;;10001.5;0.0
-1;27200;KELP;2023;21;;;;;2025;2;2026;21;;;2024.0;0.0
-1;27200;SQUID_INK;2000;21;;;;;2002;2;2003;21;;;2001.0;0.0
-1;27300;SQUID_INK;2002;1;2000;31;;;2003;2;2004;29;;;2002.5;0.0
-1;27300;KELP;2025;1;2023;31;;;2026;31;;;;;2025.5;0.0
-1;27300;RAINFOREST_RESIN;9996;2;9995;29;;;10004;2;10005;29;;;10000.0;0.0
-1;27400;SQUID_INK;2000;21;;;;;2004;21;;;;;2002.0;0.0
-1;27400;RAINFOREST_RESIN;9995;21;;;;;10005;21;;;;;10000.0;0.0
-1;27400;KELP;2023;21;;;;;2026;21;;;;;2024.5;0.0
-1;27500;KELP;2023;23;;;;;2025;6;2026;23;;;2024.0;0.0
-1;27500;RAINFOREST_RESIN;9996;1;9995;22;;;10004;1;10005;22;;;10000.0;0.0
-1;27500;SQUID_INK;2001;1;2000;22;;;2002;6;2004;23;;;2001.5;0.0
-1;27600;RAINFOREST_RESIN;9998;5;9995;24;;;10005;24;;;;;10001.5;0.0
-1;27600;KELP;2023;30;;;;;2026;24;;;;;2024.5;0.0
-1;27600;SQUID_INK;2000;6;1999;24;;;2003;24;;;;;2001.5;0.0
-1;27700;SQUID_INK;2000;24;;;;;2001;5;2003;24;;;2000.5;0.0
-1;27700;KELP;2023;19;;;;;2026;24;;;;;2024.5;0.0
-1;27700;RAINFOREST_RESIN;9995;24;;;;;10005;24;;;;;10000.0;0.0
-1;27800;SQUID_INK;2000;28;;;;;2002;3;2003;28;;;2001.0;0.0
-1;27800;RAINFOREST_RESIN;9998;9;9996;2;9995;26;10004;2;10005;26;;;10001.0;0.0
-1;27800;KELP;2023;28;;;;;2025;3;2026;28;;;2024.0;0.0
-1;27900;KELP;2025;1;2023;29;;;2026;29;;;;;2025.5;0.0
-1;27900;RAINFOREST_RESIN;9996;2;9995;27;;;10002;4;10004;2;10005;27;9999.0;0.0
-1;27900;SQUID_INK;2002;1;2000;29;;;2003;29;;;;;2002.5;0.0
-1;28000;RAINFOREST_RESIN;9998;2;9995;28;;;10005;28;;;;;10001.5;0.0
-1;28000;KELP;2023;28;;;;;2026;28;;;;;2024.5;0.0
-1;28000;SQUID_INK;2001;28;;;;;2004;28;;;;;2002.5;0.0
-1;28100;SQUID_INK;2002;26;;;;;2005;26;;;;;2003.5;0.0
-1;28100;KELP;2023;26;;;;;2026;26;;;;;2024.5;0.0
-1;28100;RAINFOREST_RESIN;9996;2;9995;24;;;10004;2;10005;24;;;10000.0;0.0
-1;28200;SQUID_INK;2002;26;;;;;2004;5;2005;26;;;2003.0;0.0
-1;28200;RAINFOREST_RESIN;9996;1;9995;25;;;9998;2;10004;1;10005;25;9997.0;0.0
-1;28200;KELP;2023;26;;;;;2025;5;2026;1;2027;25;2024.0;0.0
-1;28300;KELP;2023;24;;;;;2024;2;2027;24;;;2023.5;0.0
-1;28300;RAINFOREST_RESIN;9996;1;9995;23;;;10004;1;10005;23;;;10000.0;0.0
-1;28300;SQUID_INK;2002;24;;;;;2003;2;2006;24;;;2002.5;0.0
-1;28400;RAINFOREST_RESIN;9996;2;9995;23;;;10004;2;10005;23;;;10000.0;0.0
-1;28400;KELP;2023;24;;;;;2027;25;;;;;2025.0;0.0
-1;28400;SQUID_INK;2003;24;;;;;2006;25;;;;;2004.5;0.0
-1;28500;SQUID_INK;2002;23;;;;;2006;23;;;;;2004.0;0.0
-1;28500;KELP;2023;23;;;;;2027;23;;;;;2025.0;0.0
-1;28500;RAINFOREST_RESIN;9998;10;9995;23;;;10005;23;;;;;10001.5;0.0
-1;28600;SQUID_INK;2004;23;;;;;2006;8;2007;23;;;2005.0;0.0
-1;28600;RAINFOREST_RESIN;10002;1;9996;2;9995;21;10004;2;10005;21;;;10003.0;0.0
-1;28600;KELP;2023;23;;;;;2025;8;2027;23;;;2024.0;0.0
-1;28700;RAINFOREST_RESIN;9995;30;;;;;10005;30;;;;;10000.0;0.0
-1;28700;KELP;2023;30;;;;;2027;30;;;;;2025.0;0.0
-1;28700;SQUID_INK;2005;30;;;;;2008;30;;;;;2006.5;0.0
-1;28800;RAINFOREST_RESIN;9995;27;;;;;10005;27;;;;;10000.0;0.0
-1;28800;KELP;2024;27;;;;;2027;27;;;;;2025.5;0.0
-1;28800;SQUID_INK;2007;27;;;;;2010;27;;;;;2008.5;0.0
-1;28900;KELP;2024;26;;;;;2027;22;;;;;2025.5;0.0
-1;28900;SQUID_INK;2007;4;2006;22;;;2010;22;;;;;2008.5;0.0
-1;28900;RAINFOREST_RESIN;9998;7;9996;1;9995;21;10004;1;10005;21;;;10001.0;0.0
-1;29000;KELP;2024;23;;;;;2027;24;;;;;2025.5;0.0
-1;29000;SQUID_INK;2007;23;;;;;2010;24;;;;;2008.5;0.0
-1;29000;RAINFOREST_RESIN;9995;24;;;;;10005;24;;;;;10000.0;0.0
-1;29100;RAINFOREST_RESIN;9996;2;9995;26;;;10004;2;10005;26;;;10000.0;0.0
-1;29100;KELP;2024;31;;;;;2027;28;;;;;2025.5;0.0
-1;29100;SQUID_INK;2006;31;;;;;2009;28;;;;;2007.5;0.0
-1;29200;RAINFOREST_RESIN;9996;1;9995;30;;;10004;1;10005;30;;;10000.0;0.0
-1;29200;KELP;2026;1;2024;31;;;2027;31;;;;;2026.5;0.0
-1;29200;SQUID_INK;2009;1;2007;31;;;2010;31;;;;;2009.5;0.0
-1;29300;KELP;2024;32;;;;;2026;2;2027;32;;;2025.0;0.0
-1;29300;SQUID_INK;2006;32;;;;;2008;2;2009;32;;;2007.0;0.0
-1;29300;RAINFOREST_RESIN;9996;2;9995;30;;;10002;3;10004;2;10005;30;9999.0;0.0
-1;29400;KELP;2024;25;;;;;2027;26;;;;;2025.5;0.0
-1;29400;SQUID_INK;2005;25;;;;;2008;26;;;;;2006.5;0.0
-1;29400;RAINFOREST_RESIN;10002;1;9996;1;9995;25;10004;1;10005;25;;;10003.0;0.0
-1;29500;RAINFOREST_RESIN;9996;2;9995;27;;;10004;2;10005;27;;;10000.0;0.0
-1;29500;KELP;2024;31;;;;;2027;29;;;;;2025.5;0.0
-1;29500;SQUID_INK;2007;31;;;;;2010;29;;;;;2008.5;0.0
-1;29600;RAINFOREST_RESIN;9996;2;9995;28;;;10004;2;10005;28;;;10000.0;0.0
-1;29600;KELP;2024;2;2023;28;;;2025;3;2027;30;;;2024.5;0.0
-1;29600;SQUID_INK;2008;30;;;;;2010;3;2011;30;;;2009.0;0.0
-1;29700;KELP;2024;28;;;;;2027;26;;;;;2025.5;0.0
-1;29700;SQUID_INK;2008;2;2007;26;;;2011;26;;;;;2009.5;0.0
-1;29700;RAINFOREST_RESIN;9996;1;9995;25;;;10002;4;10004;1;10005;25;9999.0;0.0
-1;29800;SQUID_INK;2008;31;;;;;2010;1;2011;31;;;2009.0;0.0
-1;29800;KELP;2024;31;;;;;2026;1;2027;1;2028;30;2025.0;0.0
-1;29800;RAINFOREST_RESIN;9998;6;9996;1;9995;30;10004;1;10005;30;;;10001.0;0.0
-1;29900;RAINFOREST_RESIN;9995;21;;;;;10005;21;;;;;10000.0;0.0
-1;29900;SQUID_INK;2010;29;;;;;2013;21;;;;;2011.5;0.0
-1;29900;KELP;2025;8;2024;21;;;2028;21;;;;;2026.5;0.0
-1;30000;RAINFOREST_RESIN;9998;3;9996;1;9995;30;10004;1;10005;30;;;10001.0;0.0
-1;30000;SQUID_INK;2007;1;2006;30;;;2010;31;;;;;2008.5;0.0
-1;30000;KELP;2024;31;;;;;2028;31;;;;;2026.0;0.0
-1;30100;SQUID_INK;2006;30;;;;;2009;2;2010;28;;;2007.5;0.0
-1;30100;KELP;2024;30;;;;;2027;30;;;;;2025.5;0.0
-1;30100;RAINFOREST_RESIN;9996;2;9995;28;;;10004;2;10005;28;;;10000.0;0.0
-1;30200;SQUID_INK;2005;22;;;;;2009;22;;;;;2007.0;0.0
-1;30200;KELP;2024;22;;;;;2027;22;;;;;2025.5;0.0
-1;30200;RAINFOREST_RESIN;9996;2;9995;20;;;10004;2;10005;20;;;10000.0;0.0
-1;30300;RAINFOREST_RESIN;9996;2;9995;29;;;10002;9;10004;2;10005;29;9999.0;0.0
-1;30300;SQUID_INK;2007;1;2005;31;;;2008;2;2009;29;;;2007.5;0.0
-1;30300;KELP;2026;1;2024;31;;;2027;31;;;;;2026.5;0.0
-1;30400;RAINFOREST_RESIN;10000;5;9996;2;9995;29;10002;8;10004;2;10005;29;10001.0;0.0
-1;30400;SQUID_INK;2007;5;2006;31;;;2009;31;;;;;2008.0;0.0
-1;30400;KELP;2025;5;2024;31;;;2027;31;;;;;2026.0;0.0
-1;30500;SQUID_INK;2007;22;;;;;2010;22;;;;;2008.5;0.0
-1;30500;KELP;2024;22;;;;;2027;22;;;;;2025.5;0.0
-1;30500;RAINFOREST_RESIN;9998;5;9996;2;9995;20;10004;2;10005;20;;;10001.0;0.0
-1;30600;SQUID_INK;2006;21;;;;;2009;2;2010;20;;;2007.5;0.0
-1;30600;KELP;2024;1;2023;20;;;2027;22;;;;;2025.5;0.0
-1;30600;RAINFOREST_RESIN;9996;2;9995;20;;;10002;4;10004;2;10005;20;9999.0;0.0
-1;30700;RAINFOREST_RESIN;9995;30;;;;;10005;30;;;;;10000.0;0.0
-1;30700;SQUID_INK;2004;30;;;;;2008;30;;;;;2006.0;0.0
-1;30700;KELP;2024;30;;;;;2027;30;;;;;2025.5;0.0
-1;30800;RAINFOREST_RESIN;9996;1;9995;30;;;10004;1;10005;30;;;10000.0;0.0
-1;30800;SQUID_INK;2005;4;2004;30;;;2008;31;;;;;2006.5;0.0
-1;30800;KELP;2024;4;2023;30;;;2027;31;;;;;2025.5;0.0
-1;30900;SQUID_INK;2005;2;2004;28;;;2006;7;2008;30;;;2005.5;0.0
-1;30900;KELP;2023;30;;;;;2025;7;2026;30;;;2024.0;0.0
-1;30900;RAINFOREST_RESIN;9996;2;9995;28;;;10002;6;10004;2;10005;28;9999.0;0.0
-1;31000;KELP;2024;4;2023;30;;;2026;23;;;;;2025.0;0.0
-1;31000;SQUID_INK;2006;4;2005;30;;;2008;23;;;;;2007.0;0.0
-1;31000;RAINFOREST_RESIN;10000;4;9996;1;9995;22;10004;1;10005;22;;;10002.0;0.0
-1;31100;RAINFOREST_RESIN;9996;2;9995;27;;;10004;2;10005;27;;;10000.0;0.0
-1;31100;SQUID_INK;2004;29;;;;;2008;29;;;;;2006.0;0.0
-1;31100;KELP;2023;29;;;;;2026;2;2027;27;;;2024.5;0.0
-1;31200;RAINFOREST_RESIN;9996;2;9995;29;;;10002;6;10004;2;10005;29;9999.0;0.0
-1;31200;KELP;2023;31;;;;;2026;31;;;;;2024.5;0.0
-1;31200;SQUID_INK;2001;31;;;;;2004;31;;;;;2002.5;0.0
-1;31300;SQUID_INK;2002;24;;;;;2005;24;;;;;2003.5;0.0
-1;31300;KELP;2023;24;;;;;2026;24;;;;;2024.5;0.0
-1;31300;RAINFOREST_RESIN;9996;1;9995;23;;;10004;1;10005;23;;;10000.0;0.0
-1;31400;KELP;2023;26;;;;;2026;26;;;;;2024.5;0.0
-1;31400;SQUID_INK;2003;26;;;;;2006;26;;;;;2004.5;0.0
-1;31400;RAINFOREST_RESIN;9995;26;;;;;9998;1;10005;26;;;9996.5;0.0
-1;31500;RAINFOREST_RESIN;9995;30;;;;;10005;30;;;;;10000.0;0.0
-1;31500;SQUID_INK;2003;35;;;;;2006;30;;;;;2004.5;0.0
-1;31500;KELP;2023;35;;;;;2026;30;;;;;2024.5;0.0
-1;31600;RAINFOREST_RESIN;9995;27;;;;;10005;27;;;;;10000.0;0.0
-1;31600;KELP;2025;1;2023;27;;;2026;27;;;;;2025.5;0.0
-1;31600;SQUID_INK;2005;1;2003;27;;;2007;27;;;;;2006.0;0.0
-1;31700;SQUID_INK;2003;24;;;;;2005;3;2007;24;;;2004.0;0.0
-1;31700;KELP;2023;24;;;;;2025;3;2026;24;;;2024.0;0.0
-1;31700;RAINFOREST_RESIN;9996;2;9995;22;;;10004;2;10005;22;;;10000.0;0.0
-1;31800;KELP;2024;6;2023;26;;;2026;1;2027;25;;;2025.0;0.0
-1;31800;SQUID_INK;2004;6;2003;26;;;2007;26;;;;;2005.5;0.0
-1;31800;RAINFOREST_RESIN;10000;6;9996;1;9995;25;10004;1;10005;25;;;10002.0;0.0
-1;31900;RAINFOREST_RESIN;9998;3;9995;28;;;10005;28;;;;;10001.5;0.0
-1;31900;SQUID_INK;2004;32;;;;;2007;28;;;;;2005.5;0.0
-1;31900;KELP;2024;4;2023;28;;;2027;28;;;;;2025.5;0.0
-1;32000;RAINFOREST_RESIN;9996;1;9995;24;;;10004;1;10005;24;;;10000.0;0.0
-1;32000;KELP;2024;2;2023;25;;;2026;1;2027;24;;;2025.0;0.0
-1;32000;SQUID_INK;2004;2;2003;25;;;2007;25;;;;;2005.5;0.0
-1;32100;SQUID_INK;2002;29;;;;;2006;29;;;;;2004.0;0.0
-1;32100;KELP;2023;29;;;;;2026;29;;;;;2024.5;0.0
-1;32100;RAINFOREST_RESIN;9996;1;9995;28;;;10004;1;10005;28;;;10000.0;0.0
-1;32200;KELP;2023;28;;;;;2027;28;;;;;2025.0;0.0
-1;32200;SQUID_INK;2001;28;;;;;2004;28;;;;;2002.5;0.0
-1;32200;RAINFOREST_RESIN;9996;1;9995;27;;;10004;1;10005;27;;;10000.0;0.0
-1;32300;RAINFOREST_RESIN;9995;25;;;;;10005;25;;;;;10000.0;0.0
-1;32300;SQUID_INK;2001;25;;;;;2005;25;;;;;2003.0;0.0
-1;32300;KELP;2023;25;;;;;2026;25;;;;;2024.5;0.0
-1;32400;RAINFOREST_RESIN;9996;1;9995;30;;;10004;1;10005;30;;;10000.0;0.0
-1;32400;KELP;2023;30;;;;;2026;1;2027;30;;;2024.5;0.0
-1;32400;SQUID_INK;2000;30;;;;;2003;31;;;;;2001.5;0.0
-1;32500;SQUID_INK;2002;21;;;;;2004;5;2005;1;2006;21;2003.0;0.0
-1;32500;KELP;2023;21;;;;;2025;5;2027;22;;;2024.0;0.0
-1;32500;RAINFOREST_RESIN;9998;1;9996;1;9995;21;10004;1;10005;21;;;10001.0;0.0
-1;32600;KELP;2023;30;;;;;2027;30;;;;;2025.0;0.0
-1;32600;SQUID_INK;1999;30;;;;;2002;30;;;;;2000.5;0.0
-1;32600;RAINFOREST_RESIN;10002;1;9995;30;;;10005;30;;;;;10003.5;0.0
-1;32700;RAINFOREST_RESIN;9996;2;9995;22;;;10004;2;10005;22;;;10000.0;0.0
-1;32700;SQUID_INK;1998;24;;;;;2002;24;;;;;2000.0;0.0
-1;32700;KELP;2023;24;;;;;2026;2;2027;22;;;2024.5;0.0
-1;32800;RAINFOREST_RESIN;9996;2;9995;28;;;10004;2;10005;28;;;10000.0;0.0
-1;32800;KELP;2023;30;;;;;2026;2;2027;28;;;2024.5;0.0
-1;32800;SQUID_INK;1999;2;1998;28;;;2002;30;;;;;2000.5;0.0
-1;32900;SQUID_INK;1998;29;;;;;2001;29;;;;;1999.5;0.0
-1;32900;KELP;2023;29;;;;;2026;2;2027;27;;;2024.5;0.0
-1;32900;RAINFOREST_RESIN;9996;2;9995;27;;;10004;2;10005;27;;;10000.0;0.0
-1;33000;KELP;2025;1;2023;30;;;2026;30;;;;;2025.5;0.0
-1;33000;SQUID_INK;2000;1;1998;30;;;2001;30;;;;;2000.5;0.0
-1;33000;RAINFOREST_RESIN;9996;2;9995;28;;;10004;2;10005;28;;;10000.0;0.0
-1;33100;RAINFOREST_RESIN;9996;1;9995;28;;;10004;1;10005;28;;;10000.0;0.0
-1;33100;KELP;2023;28;;;;;2025;3;2026;29;;;2024.0;0.0
-1;33100;SQUID_INK;1997;28;;;;;1999;3;2000;29;;;1998.0;0.0
-1;33200;RAINFOREST_RESIN;9996;1;9995;20;;;10002;7;10004;1;10005;20;9999.0;0.0
-1;33200;KELP;2023;20;;;;;2024;10;2026;1;2027;20;2023.5;0.0
-1;33200;SQUID_INK;1998;10;;;;;2001;21;;;;;1999.5;0.0
-1;33300;KELP;2024;1;2023;20;;;2027;21;;;;;2025.5;0.0
-1;33300;SQUID_INK;1998;21;;;;;2001;21;;;;;1999.5;0.0
-1;33300;RAINFOREST_RESIN;9996;1;9995;20;;;10004;1;10005;20;;;10000.0;0.0
-1;33400;KELP;2023;32;;;;;2027;32;;;;;2025.0;0.0
-1;33400;SQUID_INK;1997;32;;;;;2000;32;;;;;1998.5;0.0
-1;33400;RAINFOREST_RESIN;9996;2;9995;30;;;10002;3;10004;2;10005;30;9999.0;0.0
-1;33500;RAINFOREST_RESIN;9996;1;9995;20;;;10004;1;10005;20;;;10000.0;0.0
-1;33500;KELP;2023;21;;;;;2026;21;;;;;2024.5;0.0
-1;33500;SQUID_INK;1997;21;;;;;2000;21;;;;;1998.5;0.0
-1;33600;RAINFOREST_RESIN;10002;6;9995;27;;;10005;27;;;;;10003.5;0.0
-1;33600;KELP;2023;27;;;;;2026;27;;;;;2024.5;0.0
-1;33600;SQUID_INK;1995;27;;;;;1999;27;;;;;1997.0;0.0
-1;33700;KELP;2023;32;;;;;2026;28;;;;;2024.5;0.0
-1;33700;SQUID_INK;1995;32;;;;;1998;28;;;;;1996.5;0.0
-1;33700;RAINFOREST_RESIN;9996;1;9995;27;;;10002;1;10004;1;10005;27;9999.0;0.0
-1;33800;KELP;2024;3;2023;31;;;2026;26;;;;;2025.0;0.0
-1;33800;SQUID_INK;1997;3;1995;31;;;1998;26;;;;;1997.5;0.0
-1;33800;RAINFOREST_RESIN;9996;1;9995;25;;;10004;1;10005;25;;;10000.0;0.0
-1;33900;RAINFOREST_RESIN;9995;24;;;;;10005;24;;;;;10000.0;0.0
-1;33900;KELP;2023;24;;;;;2026;24;;;;;2024.5;0.0
-1;33900;SQUID_INK;1995;24;;;;;1998;24;;;;;1996.5;0.0
-1;34000;RAINFOREST_RESIN;10002;1;9995;30;;;10005;30;;;;;10003.5;0.0
-1;34000;KELP;2023;29;;;;;2025;8;2026;30;;;2024.0;0.0
-1;34000;SQUID_INK;1994;30;;;;;1995;1;1996;8;1998;30;1994.5;0.0
-1;34100;KELP;2023;25;;;;;2026;23;;;;;2024.5;0.0
-1;34100;SQUID_INK;1992;2;1991;23;;;1994;1;1995;22;;;1993.0;0.0
-1;34100;RAINFOREST_RESIN;9996;1;9995;22;;;10004;1;10005;22;;;10000.0;0.0
-1;34200;SQUID_INK;1990;23;;;;;1992;1;1994;23;;;1991.0;0.0
-1;34200;KELP;2022;23;;;;;2024;1;2026;23;;;2023.0;0.0
-1;34200;RAINFOREST_RESIN;9995;23;;;;;10005;23;;;;;10000.0;0.0
-1;34300;RAINFOREST_RESIN;10002;1;9996;1;9995;22;10004;1;10005;22;;;10003.0;0.0
-1;34300;SQUID_INK;1990;23;;;;;1993;23;;;;;1991.5;0.0
-1;34300;KELP;2022;23;;;;;2026;23;;;;;2024.0;0.0
-1;34400;RAINFOREST_RESIN;9996;2;9995;23;;;10004;2;10005;23;;;10000.0;0.0
-1;34400;SQUID_INK;1987;3;1986;25;;;1990;25;;;;;1988.5;0.0
-1;34400;KELP;2023;3;2022;25;;;2025;2;2026;23;;;2024.0;0.0
-1;34500;SQUID_INK;1986;25;;;;;1988;1;1989;30;;;1987.0;0.0
-1;34500;KELP;2022;30;;;;;2023;5;2024;1;2026;30;2022.5;0.0
-1;34500;RAINFOREST_RESIN;9995;30;;;;;10005;30;;;;;10000.0;0.0
-1;34600;SQUID_INK;1986;29;;;;;1987;1;1990;29;;;1986.5;0.0
-1;34600;KELP;2022;29;;;;;2023;1;2026;29;;;2022.5;0.0
-1;34600;RAINFOREST_RESIN;9995;29;;;;;10005;29;;;;;10000.0;0.0
-1;34700;RAINFOREST_RESIN;9998;6;9995;24;;;10005;24;;;;;10001.5;0.0
-1;34700;SQUID_INK;1985;24;;;;;1988;24;;;;;1986.5;0.0
-1;34700;KELP;2023;24;;;;;2026;24;;;;;2024.5;0.0
-1;34800;RAINFOREST_RESIN;9996;2;9995;23;;;10004;2;10005;23;;;10000.0;0.0
-1;34800;SQUID_INK;1984;25;;;;;1987;25;;;;;1985.5;0.0
-1;34800;KELP;2023;2;2022;23;;;2026;25;;;;;2024.5;0.0
-1;34900;SQUID_INK;1986;21;;;;;1990;21;;;;;1988.0;0.0
-1;34900;KELP;2023;21;;;;;2026;21;;;;;2024.5;0.0
-1;34900;RAINFOREST_RESIN;9996;1;9995;20;;;10004;1;10005;20;;;10000.0;0.0
-1;35000;RAINFOREST_RESIN;10002;1;9995;20;;;10005;20;;;;;10003.5;0.0
-1;35000;SQUID_INK;1989;1;1987;20;;;1990;20;;;;;1989.5;0.0
-1;35000;KELP;2025;1;2023;20;;;2026;20;;;;;2025.5;0.0
-1;35100;SQUID_INK;1986;31;;;;;1990;31;;;;;1988.0;0.0
-1;35100;KELP;2023;31;;;;;2026;31;;;;;2024.5;0.0
-1;35100;RAINFOREST_RESIN;10002;3;9996;2;9995;29;10004;2;10005;29;;;10003.0;0.0
-1;35200;RAINFOREST_RESIN;9996;2;9995;28;;;10002;10;10004;2;10005;28;9999.0;0.0
-1;35200;SQUID_INK;1987;33;;;;;1990;30;;;;;1988.5;0.0
-1;35200;KELP;2023;33;;;;;2026;30;;;;;2024.5;0.0
-1;35300;KELP;2023;20;;;;;2026;28;;;;;2024.5;0.0
-1;35300;RAINFOREST_RESIN;9998;6;9996;1;9995;27;10004;1;10005;27;;;10001.0;0.0
-1;35300;SQUID_INK;1986;20;;;;;1989;28;;;;;1987.5;0.0
-1;35400;RAINFOREST_RESIN;10002;3;9995;25;;;10005;25;;;;;10003.5;0.0
-1;35400;KELP;2025;1;2023;27;;;2026;25;;;;;2025.5;0.0
-1;35400;SQUID_INK;1989;1;1987;2;1986;25;1990;25;;;;;1989.5;0.0
-1;35500;SQUID_INK;1988;28;;;;;1991;28;;;;;1989.5;0.0
-1;35500;KELP;2023;28;;;;;2026;28;;;;;2024.5;0.0
-1;35500;RAINFOREST_RESIN;9996;2;9995;26;;;10004;2;10005;26;;;10000.0;0.0
-1;35600;SQUID_INK;1988;26;;;;;1992;26;;;;;1990.0;0.0
-1;35600;RAINFOREST_RESIN;9995;26;;;;;10005;26;;;;;10000.0;0.0
-1;35600;KELP;2023;26;;;;;2026;26;;;;;2024.5;0.0
-1;35700;KELP;2023;29;;;;;2026;29;;;;;2024.5;0.0
-1;35700;RAINFOREST_RESIN;9996;2;9995;27;;;10004;2;10005;27;;;10000.0;0.0
-1;35700;SQUID_INK;1987;29;;;;;1990;29;;;;;1988.5;0.0
-1;35800;RAINFOREST_RESIN;9998;7;9996;1;9995;30;10004;1;10005;30;;;10001.0;0.0
-1;35800;KELP;2023;29;;;;;2026;31;;;;;2024.5;0.0
-1;35800;SQUID_INK;1989;30;;;;;1990;1;1993;31;;;1989.5;0.0
-1;35900;SQUID_INK;1989;23;;;;;1992;23;;;;;1990.5;0.0
-1;35900;KELP;2023;2;2022;21;;;2026;23;;;;;2024.5;0.0
-1;35900;RAINFOREST_RESIN;9996;2;9995;21;;;10004;2;10005;21;;;10000.0;0.0
-1;36000;SQUID_INK;1989;30;;;;;1991;3;1993;30;;;1990.0;0.0
-1;36000;RAINFOREST_RESIN;9995;30;;;;;10002;5;10005;30;;;9998.5;0.0
-1;36000;KELP;2022;30;;;;;2024;3;2026;30;;;2023.0;0.0
-1;36100;KELP;2022;26;;;;;2025;2;2026;24;;;2023.5;0.0
-1;36100;RAINFOREST_RESIN;10002;8;9996;2;9995;24;10004;2;10005;24;;;10003.0;0.0
-1;36100;SQUID_INK;1990;26;;;;;1993;26;;;;;1991.5;0.0
-1;36200;RAINFOREST_RESIN;9996;1;9995;29;;;9998;1;10004;1;10005;29;9997.0;0.0
-1;36200;KELP;2022;30;;;;;2025;1;2026;29;;;2023.5;0.0
-1;36200;SQUID_INK;1989;30;;;;;1992;30;;;;;1990.5;0.0
-1;36300;SQUID_INK;1988;1;1987;21;;;1989;6;1991;22;;;1988.5;0.0
-1;36300;KELP;2022;22;;;;;2024;6;2025;22;;;2023.0;0.0
-1;36300;RAINFOREST_RESIN;9996;1;9995;21;;;10004;1;10005;21;;;10000.0;0.0
-1;36400;SQUID_INK;1989;1;1987;24;;;1990;21;;;;;1989.5;0.0
-1;36400;RAINFOREST_RESIN;9998;1;9996;1;9995;20;10004;1;10005;20;;;10001.0;0.0
-1;36400;KELP;2024;1;2023;3;2022;21;2025;1;2026;20;;;2024.5;0.0
-1;36500;KELP;2022;25;;;;;2023;2;2025;25;;;2022.5;0.0
-1;36500;RAINFOREST_RESIN;9995;25;;;;;10005;25;;;;;10000.0;0.0
-1;36500;SQUID_INK;1988;23;;;;;1991;25;;;;;1989.5;0.0
-1;36600;RAINFOREST_RESIN;9996;1;9995;28;;;10004;1;10005;28;;;10000.0;0.0
-1;36600;KELP;2022;29;;;;;2025;29;;;;;2023.5;0.0
-1;36600;SQUID_INK;1987;29;;;;;1990;1;1991;28;;;1988.5;0.0
-1;36700;SQUID_INK;1988;21;;;;;1991;21;;;;;1989.5;0.0
-1;36700;KELP;2021;21;;;;;2025;21;;;;;2023.0;0.0
-1;36700;RAINFOREST_RESIN;9995;21;;;;;10005;21;;;;;10000.0;0.0
-1;36800;SQUID_INK;1987;30;;;;;1990;30;;;;;1988.5;0.0
-1;36800;RAINFOREST_RESIN;9995;30;;;;;10005;30;;;;;10000.0;0.0
-1;36800;KELP;2021;30;;;;;2025;30;;;;;2023.0;0.0
-1;36900;KELP;2021;27;;;;;2024;27;;;;;2022.5;0.0
-1;36900;RAINFOREST_RESIN;9996;1;9995;26;;;10004;1;10005;26;;;10000.0;0.0
-1;36900;SQUID_INK;1987;27;;;;;1990;27;;;;;1988.5;0.0
-1;37000;RAINFOREST_RESIN;9996;2;9995;23;;;10004;2;10005;23;;;10000.0;0.0
-1;37000;KELP;2020;25;;;;;2024;25;;;;;2022.0;0.0
-1;37000;SQUID_INK;1988;25;;;;;1991;25;;;;;1989.5;0.0
-1;37100;SQUID_INK;1989;4;1988;23;;;1991;2;1992;21;;;1990.0;0.0
-1;37100;KELP;2021;27;;;;;2024;23;;;;;2022.5;0.0
-1;37100;RAINFOREST_RESIN;9996;2;9995;21;;;10004;2;10005;21;;;10000.0;0.0
-1;37200;SQUID_INK;1988;25;;;;;1991;21;;;;;1989.5;0.0
-1;37200;RAINFOREST_RESIN;9996;1;9995;20;;;10004;1;10005;20;;;10000.0;0.0
-1;37200;KELP;2021;25;;;;;2024;21;;;;;2022.5;0.0
-1;37300;KELP;2022;4;2021;28;;;2024;1;2025;27;;;2023.0;0.0
-1;37300;RAINFOREST_RESIN;9996;1;9995;27;;;9998;10;10002;4;10004;1;9997.0;0.0
-1;37300;SQUID_INK;1988;32;;;;;1991;28;;;;;1989.5;0.0
-1;37400;RAINFOREST_RESIN;10002;1;9998;2;9995;30;10005;30;;;;;10003.5;0.0
-1;37400;KELP;2021;30;;;;;2024;30;;;;;2022.5;0.0
-1;37400;SQUID_INK;1988;30;;;;;1991;30;;;;;1989.5;0.0
-1;37500;SQUID_INK;1987;27;;;;;1990;27;;;;;1988.5;0.0
-1;37500;KELP;2020;27;;;;;2024;27;;;;;2022.0;0.0
-1;37500;RAINFOREST_RESIN;9996;2;9995;25;;;10004;2;10005;25;;;10000.0;0.0
-1;37600;KELP;2020;22;;;;;2024;22;;;;;2022.0;0.0
-1;37600;SQUID_INK;1987;22;;;;;1991;22;;;;;1989.0;0.0
-1;37600;RAINFOREST_RESIN;9995;22;;;;;10002;7;10005;22;;;9998.5;0.0
-1;37700;RAINFOREST_RESIN;9996;1;9995;23;;;10004;1;10005;23;;;10000.0;0.0
-1;37700;KELP;2020;24;;;;;2024;24;;;;;2022.0;0.0
-1;37700;SQUID_INK;1987;24;;;;;1990;24;;;;;1988.5;0.0
-1;37800;RAINFOREST_RESIN;9995;25;;;;;10005;25;;;;;10000.0;0.0
-1;37800;KELP;2020;24;;;;;2024;25;;;;;2022.0;0.0
-1;37800;SQUID_INK;1986;24;;;;;1990;25;;;;;1988.0;0.0
-1;37900;KELP;2019;25;;;;;2023;25;;;;;2021.0;0.0
-1;37900;SQUID_INK;1985;25;;;;;1989;25;;;;;1987.0;0.0
-1;37900;RAINFOREST_RESIN;9995;25;;;;;10005;25;;;;;10000.0;0.0
-1;38000;KELP;2019;32;;;;;2021;4;2023;32;;;2020.0;0.0
-1;38000;SQUID_INK;1986;32;;;;;1988;4;1990;32;;;1987.0;0.0
-1;38000;RAINFOREST_RESIN;10002;1;9996;2;9995;30;10004;2;10005;30;;;10003.0;0.0
-1;38100;RAINFOREST_RESIN;9996;2;9995;26;;;10002;2;10004;2;10005;26;9999.0;0.0
-1;38100;KELP;2019;28;;;;;2022;2;2023;26;;;2020.5;0.0
-1;38100;SQUID_INK;1986;28;;;;;1989;28;;;;;1987.5;0.0
-1;38200;RAINFOREST_RESIN;9996;1;9995;27;;;10004;1;10005;27;;;10000.0;0.0
-1;38200;KELP;2019;28;;;;;2023;28;;;;;2021.0;0.0
-1;38200;SQUID_INK;1986;28;;;;;1989;28;;;;;1987.5;0.0
-1;38300;KELP;2019;26;;;;;2022;26;;;;;2020.5;0.0
-1;38300;SQUID_INK;1986;26;;;;;1989;26;;;;;1987.5;0.0
-1;38300;RAINFOREST_RESIN;9998;5;9995;26;;;10005;26;;;;;10001.5;0.0
-1;38400;KELP;2019;24;;;;;2020;6;2022;24;;;2019.5;0.0
-1;38400;SQUID_INK;1984;24;;;;;1985;6;1987;24;;;1984.5;0.0
-1;38400;RAINFOREST_RESIN;9996;1;9995;23;;;10000;6;10004;1;10005;23;9998.0;0.0
-1;38500;RAINFOREST_RESIN;10002;1;9995;21;;;10005;21;;;;;10003.5;0.0
-1;38500;KELP;2019;21;;;;;2022;21;;;;;2020.5;0.0
-1;38500;SQUID_INK;1984;21;;;;;1987;21;;;;;1985.5;0.0
-1;38600;RAINFOREST_RESIN;9996;2;9995;28;;;10004;2;10005;28;;;10000.0;0.0
-1;38600;KELP;2019;30;;;;;2022;30;;;;;2020.5;0.0
-1;38600;SQUID_INK;1984;30;;;;;1987;30;;;;;1985.5;0.0
-1;38700;SQUID_INK;1988;20;;;;;1992;20;;;;;1990.0;0.0
-1;38700;KELP;2019;20;;;;;2022;20;;;;;2020.5;0.0
-1;38700;RAINFOREST_RESIN;9995;20;;;;;10005;20;;;;;10000.0;0.0
-1;38800;SQUID_INK;1989;19;;;;;1991;1;1992;21;;;1990.0;0.0
-1;38800;KELP;2019;21;;;;;2020;2;2021;1;2022;21;2019.5;0.0
-1;38800;RAINFOREST_RESIN;9996;1;9995;20;;;10002;1;10004;1;10005;20;9999.0;0.0
-1;38900;RAINFOREST_RESIN;9996;2;9995;30;;;10004;2;10005;30;;;10000.0;0.0
-1;38900;SQUID_INK;1988;32;;;;;1990;7;1991;2;1992;30;1989.0;0.0
-1;38900;KELP;2019;32;;;;;2021;7;2022;2;2023;30;2020.0;0.0
-1;39000;RAINFOREST_RESIN;9995;23;;;;;10002;9;10005;23;;;9998.5;0.0
-1;39000;SQUID_INK;1988;23;;;;;1992;23;;;;;1990.0;0.0
-1;39000;KELP;2019;23;;;;;2023;23;;;;;2021.0;0.0
-1;39100;SQUID_INK;1988;25;;;;;1991;25;;;;;1989.5;0.0
-1;39100;KELP;2020;25;;;;;2023;25;;;;;2021.5;0.0
-1;39100;RAINFOREST_RESIN;9998;8;9996;1;9995;24;10004;1;10005;24;;;10001.0;0.0
-1;39200;SQUID_INK;1987;30;;;;;1989;2;1990;30;;;1988.0;0.0
-1;39200;KELP;2020;30;;;;;2022;2;2023;30;;;2021.0;0.0
-1;39200;RAINFOREST_RESIN;9996;1;9995;29;;;10004;1;10005;29;;;10000.0;0.0
-1;39300;RAINFOREST_RESIN;9995;27;;;;;10005;27;;;;;10000.0;0.0
-1;39300;SQUID_INK;1987;27;;;;;1990;27;;;;;1988.5;0.0
-1;39300;KELP;2020;27;;;;;2023;27;;;;;2021.5;0.0
-1;39400;RAINFOREST_RESIN;9996;1;9995;30;;;10004;1;10005;30;;;10000.0;0.0
-1;39400;SQUID_INK;1987;31;;;;;1989;5;1991;31;;;1988.0;0.0
-1;39400;KELP;2020;31;;;;;2022;5;2023;31;;;2021.0;0.0
-1;39500;SQUID_INK;1988;27;;;;;1990;3;1991;27;;;1989.0;0.0
-1;39500;KELP;2019;27;;;;;2021;3;2022;27;;;2020.0;0.0
-1;39500;RAINFOREST_RESIN;9995;27;;;;;9998;1;10002;2;10005;27;9996.5;0.0
-1;39600;SQUID_INK;1990;4;1988;23;;;1991;23;;;;;1990.5;0.0
-1;39600;KELP;2021;4;2019;23;;;2023;23;;;;;2022.0;0.0
-1;39600;RAINFOREST_RESIN;9995;23;;;;;10005;23;;;;;10000.0;0.0
-1;39700;RAINFOREST_RESIN;9996;2;9995;22;;;10004;2;10005;22;;;10000.0;0.0
-1;39700;SQUID_INK;1988;4;1987;24;;;1991;24;;;;;1989.5;0.0
-1;39700;KELP;2019;28;;;;;2022;2;2023;22;;;2020.5;0.0
-1;39800;RAINFOREST_RESIN;9996;1;9995;27;;;10004;1;10005;27;;;10000.0;0.0
-1;39800;KELP;2019;28;;;;;2022;1;2023;27;;;2020.5;0.0
-1;39800;SQUID_INK;1986;28;;;;;1990;28;;;;;1988.0;0.0
-1;39900;SQUID_INK;1987;31;;;;;1990;31;;;;;1988.5;0.0
-1;39900;KELP;2019;31;;;;;2022;31;;;;;2020.5;0.0
-1;39900;RAINFOREST_RESIN;9996;1;9995;30;;;10002;4;10004;1;10005;30;9999.0;0.0
-1;40000;KELP;2018;22;;;;;2022;22;;;;;2020.0;0.0
-1;40000;SQUID_INK;1986;22;;;;;1989;22;;;;;1987.5;0.0
-1;40000;RAINFOREST_RESIN;9995;22;;;;;10005;22;;;;;10000.0;0.0
-1;40100;RAINFOREST_RESIN;9996;2;9995;29;;;10002;8;10004;2;10005;29;9999.0;0.0
-1;40100;SQUID_INK;1985;31;;;;;1988;31;;;;;1986.5;0.0
-1;40100;KELP;2019;31;;;;;2022;31;;;;;2020.5;0.0
-1;40200;RAINFOREST_RESIN;9996;1;9995;28;;;10004;1;10005;28;;;10000.0;0.0
-1;40200;KELP;2019;1;2018;28;;;2022;29;;;;;2020.5;0.0
-1;40200;SQUID_INK;1983;29;;;;;1986;29;;;;;1984.5;0.0
-1;40300;SQUID_INK;1985;22;;;;;1988;22;;;;;1986.5;0.0
-1;40300;KELP;2019;22;;;;;2022;22;;;;;2020.5;0.0
-1;40300;RAINFOREST_RESIN;9995;22;;;;;9998;1;10005;22;;;9996.5;0.0
-1;40400;KELP;2018;24;;;;;2022;24;;;;;2020.0;0.0
-1;40400;SQUID_INK;1984;24;;;;;1987;24;;;;;1985.5;0.0
-1;40400;RAINFOREST_RESIN;9996;1;9995;23;;;10004;1;10005;23;;;10000.0;0.0
-1;40500;RAINFOREST_RESIN;10002;1;9996;2;9995;27;10004;2;10005;27;;;10003.0;0.0
-1;40500;SQUID_INK;1984;28;;;;;1987;29;;;;;1985.5;0.0
-1;40500;KELP;2019;1;2018;27;;;2022;29;;;;;2020.5;0.0
-1;40600;RAINFOREST_RESIN;9996;2;9995;24;;;10004;2;10005;24;;;10000.0;0.0
-1;40600;KELP;2019;4;2018;26;;;2022;26;;;;;2020.5;0.0
-1;40600;SQUID_INK;1983;30;;;;;1986;26;;;;;1984.5;0.0
-1;40700;SQUID_INK;1984;22;;;;;1987;2;1988;20;;;1985.5;0.0
-1;40700;KELP;2018;22;;;;;2021;22;;;;;2019.5;0.0
-1;40700;RAINFOREST_RESIN;9998;7;9996;2;9995;20;10004;2;10005;20;;;10001.0;0.0
-1;40800;KELP;2018;27;;;;;2021;27;;;;;2019.5;0.0
-1;40800;SQUID_INK;1984;27;;;;;1988;27;;;;;1986.0;0.0
-1;40800;RAINFOREST_RESIN;9995;27;;;;;10005;27;;;;;10000.0;0.0
-1;40900;RAINFOREST_RESIN;9998;10;9996;2;9995;26;10004;2;10005;26;;;10001.0;0.0
-1;40900;SQUID_INK;1984;2;1983;26;;;1987;28;;;;;1985.5;0.0
-1;40900;KELP;2017;28;;;;;2021;28;;;;;2019.0;0.0
-1;41000;RAINFOREST_RESIN;9995;21;;;;;10002;10;10005;21;;;9998.5;0.0
-1;41000;KELP;2018;20;;;;;2020;3;2021;21;;;2019.0;0.0
-1;41000;SQUID_INK;1983;20;;;;;1985;3;1987;21;;;1984.0;0.0
-1;41100;SQUID_INK;1984;24;;;;;1987;27;;;;;1985.5;0.0
-1;41100;KELP;2018;24;;;;;2021;27;;;;;2019.5;0.0
-1;41100;RAINFOREST_RESIN;9995;27;;;;;10005;27;;;;;10000.0;0.0
-1;41200;KELP;2018;29;;;;;2021;29;;;;;2019.5;0.0
-1;41200;SQUID_INK;1984;29;;;;;1987;29;;;;;1985.5;0.0
-1;41200;RAINFOREST_RESIN;9995;29;;;;;10005;29;;;;;10000.0;0.0
-1;41300;RAINFOREST_RESIN;9998;2;9996;1;9995;24;10004;1;10005;24;;;10001.0;0.0
-1;41300;SQUID_INK;1985;1;1984;24;;;1986;4;1988;25;;;1985.5;0.0
-1;41300;KELP;2017;25;;;;;2019;4;2021;25;;;2018.0;0.0
-1;41400;RAINFOREST_RESIN;9998;5;9996;2;9995;23;10000;4;10004;2;10005;23;9999.0;0.0
-1;41400;KELP;2017;25;;;;;2018;4;2019;5;2020;25;2017.5;0.0
-1;41400;SQUID_INK;1985;25;;;;;1986;4;1987;5;1988;25;1985.5;0.0
-1;41500;SQUID_INK;1986;22;;;;;1987;1;1989;22;;;1986.5;0.0
-1;41500;KELP;2017;22;;;;;2019;1;2021;22;;;2018.0;0.0
-1;41500;RAINFOREST_RESIN;9998;8;9996;2;9995;20;10004;2;10005;20;;;10001.0;0.0
-1;41600;KELP;2017;23;;;;;2019;7;2020;1;2021;22;2018.0;0.0
-1;41600;SQUID_INK;1986;23;;;;;1988;7;1989;23;;;1987.0;0.0
-1;41600;RAINFOREST_RESIN;9996;1;9995;22;;;10004;1;10005;22;;;10000.0;0.0
-1;41700;RAINFOREST_RESIN;10000;5;9995;21;;;10005;21;;;;;10002.5;0.0
-1;41700;SQUID_INK;1986;4;1985;21;;;1989;21;;;;;1987.5;0.0
-1;41700;KELP;2019;4;2017;21;;;2021;21;;;;;2020.0;0.0
-1;41800;RAINFOREST_RESIN;9996;2;9995;22;;;10004;2;10005;22;;;10000.0;0.0
-1;41800;KELP;2018;24;;;;;2021;24;;;;;2019.5;0.0
-1;41800;SQUID_INK;1985;24;;;;;1988;24;;;;;1986.5;0.0
-1;41900;SQUID_INK;1985;22;;;;;1987;1;1988;1;1989;21;1986.0;0.0
-1;41900;KELP;2018;22;;;;;2020;1;2021;22;;;2019.0;0.0
-1;41900;RAINFOREST_RESIN;9996;1;9995;21;;;9998;4;10004;1;10005;21;9997.0;0.0
-1;42000;KELP;2018;31;;;;;2020;5;2021;32;;;2019.0;0.0
-1;42000;SQUID_INK;1986;31;;;;;1988;5;1989;32;;;1987.0;0.0
-1;42000;RAINFOREST_RESIN;9996;2;9995;30;;;10004;2;10005;30;;;10000.0;0.0
-1;42100;RAINFOREST_RESIN;9998;8;9996;2;9995;21;10004;2;10005;21;;;10001.0;0.0
-1;42100;KELP;2018;23;;;;;2021;2;2022;21;;;2019.5;0.0
-1;42100;SQUID_INK;1986;23;;;;;1989;23;;;;;1987.5;0.0
-1;42200;RAINFOREST_RESIN;10002;1;9995;28;;;10005;28;;;;;10003.5;0.0
-1;42200;KELP;2018;28;;;;;2022;28;;;;;2020.0;0.0
-1;42200;SQUID_INK;1987;28;;;;;1991;28;;;;;1989.0;0.0
-1;42300;KELP;2018;20;;;;;2019;7;2020;2;2022;20;2018.5;0.0
-1;42300;SQUID_INK;1987;20;;;;;1988;7;1989;2;1991;20;1987.5;0.0
-1;42300;RAINFOREST_RESIN;9995;20;;;;;10005;20;;;;;10000.0;0.0
-1;42400;KELP;2019;30;;;;;2022;31;;;;;2020.5;0.0
-1;42400;SQUID_INK;1986;1;1985;29;;;1989;31;;;;;1987.5;0.0
-1;42400;RAINFOREST_RESIN;9996;2;9995;29;;;10004;2;10005;29;;;10000.0;0.0
-1;42500;RAINFOREST_RESIN;9995;24;;;;;10002;3;10005;24;;;9998.5;0.0
-1;42500;KELP;2019;24;;;;;2022;24;;;;;2020.5;0.0
-1;42500;SQUID_INK;1986;24;;;;;1990;24;;;;;1988.0;0.0
-1;42600;RAINFOREST_RESIN;9995;26;;;;;10005;26;;;;;10000.0;0.0
-1;42600;KELP;2019;26;;;;;2022;26;;;;;2020.5;0.0
-1;42600;SQUID_INK;1986;26;;;;;1989;26;;;;;1987.5;0.0
-1;42700;KELP;2018;26;;;;;2022;26;;;;;2020.0;0.0
-1;42700;SQUID_INK;1985;26;;;;;1988;26;;;;;1986.5;0.0
-1;42700;RAINFOREST_RESIN;9995;26;;;;;10005;26;;;;;10000.0;0.0
-1;42800;KELP;2019;30;;;;;2022;30;;;;;2020.5;0.0
-1;42800;SQUID_INK;1985;30;;;;;1988;30;;;;;1986.5;0.0
-1;42800;RAINFOREST_RESIN;9995;30;;;;;10005;30;;;;;10000.0;0.0
-1;42900;RAINFOREST_RESIN;9995;25;;;;;10005;25;;;;;10000.0;0.0
-1;42900;KELP;2019;25;;;;;2022;25;;;;;2020.5;0.0
-1;42900;SQUID_INK;1985;25;;;;;1988;25;;;;;1986.5;0.0
-1;43000;RAINFOREST_RESIN;9995;23;;;;;10005;23;;;;;10000.0;0.0
-1;43000;KELP;2020;2;2019;23;;;2023;23;;;;;2021.5;0.0
-1;43000;SQUID_INK;1985;25;;;;;1988;23;;;;;1986.5;0.0
-1;43100;SQUID_INK;1985;21;;;;;1988;21;;;;;1986.5;0.0
-1;43100;KELP;2020;21;;;;;2023;21;;;;;2021.5;0.0
-1;43100;RAINFOREST_RESIN;9995;21;;;;;10005;21;;;;;10000.0;0.0
-1;43200;SQUID_INK;1986;21;;;;;1989;21;;;;;1987.5;0.0
-1;43200;KELP;2019;21;;;;;2023;21;;;;;2021.0;0.0
-1;43200;RAINFOREST_RESIN;9996;1;9995;20;;;10004;1;10005;20;;;10000.0;0.0
-1;43300;RAINFOREST_RESIN;9996;1;9995;24;;;10004;1;10005;24;;;10000.0;0.0
-1;43300;SQUID_INK;1985;25;;;;;1987;2;1989;25;;;1986.0;0.0
-1;43300;KELP;2019;25;;;;;2021;2;2023;25;;;2020.0;0.0
-1;43400;RAINFOREST_RESIN;9996;2;9995;22;;;10004;2;10005;22;;;10000.0;0.0
-1;43400;SQUID_INK;1989;4;1987;24;;;1991;24;;;;;1990.0;0.0
-1;43400;KELP;2021;4;2020;24;;;2023;24;;;;;2022.0;0.0
-1;43500;SQUID_INK;1987;22;;;;;1989;7;1991;23;;;1988.0;0.0
-1;43500;KELP;2020;22;;;;;2022;7;2023;23;;;2021.0;0.0
-1;43500;RAINFOREST_RESIN;9998;7;9995;23;;;10005;23;;;;;10001.5;0.0
-1;43600;SQUID_INK;1989;3;1988;23;;;1992;23;;;;;1990.5;0.0
-1;43600;KELP;2020;5;2019;21;;;2023;23;;;;;2021.5;0.0
-1;43600;RAINFOREST_RESIN;9996;2;9995;21;;;10002;9;10004;2;10005;21;9999.0;0.0
-1;43700;SQUID_INK;1989;24;;;;;1992;24;;;;;1990.5;0.0
-1;43700;KELP;2020;24;;;;;2023;24;;;;;2021.5;0.0
-1;43700;RAINFOREST_RESIN;9996;1;9995;23;;;10004;1;10005;23;;;10000.0;0.0
-1;43800;RAINFOREST_RESIN;9996;2;9995;26;;;10004;2;10005;26;;;10000.0;0.0
-1;43800;SQUID_INK;1990;7;1989;28;;;1993;28;;;;;1991.5;0.0
-1;43800;KELP;2020;35;;;;;2023;28;;;;;2021.5;0.0
-1;43900;SQUID_INK;1990;6;1989;30;;;1992;1;1993;29;;;1991.0;0.0
-1;43900;KELP;2020;36;;;;;2023;30;;;;;2021.5;0.0
-1;43900;RAINFOREST_RESIN;10002;4;9998;2;9996;1;10004;1;10005;29;;;10003.0;0.0
-1;44000;RAINFOREST_RESIN;9996;2;9995;20;;;10004;2;10005;20;;;10000.0;0.0
-1;44000;SQUID_INK;1990;22;;;;;1992;3;1993;22;;;1991.0;0.0
-1;44000;KELP;2020;22;;;;;2022;3;2023;22;;;2021.0;0.0
-1;44100;SQUID_INK;1990;24;;;;;1994;24;;;;;1992.0;0.0
-1;44100;KELP;2019;24;;;;;2023;24;;;;;2021.0;0.0
-1;44100;RAINFOREST_RESIN;9995;24;;;;;9998;1;10002;2;10005;24;9996.5;0.0
-1;44200;SQUID_INK;1989;21;;;;;1992;21;;;;;1990.5;0.0
-1;44200;RAINFOREST_RESIN;9995;21;;;;;10005;21;;;;;10000.0;0.0
-1;44200;KELP;2019;21;;;;;2023;21;;;;;2021.0;0.0
-1;44300;KELP;2019;27;;;;;2023;27;;;;;2021.0;0.0
-1;44300;RAINFOREST_RESIN;9995;27;;;;;10005;27;;;;;10000.0;0.0
-1;44300;SQUID_INK;1989;27;;;;;1992;27;;;;;1990.5;0.0
-1;44400;RAINFOREST_RESIN;9998;7;9995;28;;;10005;28;;;;;10001.5;0.0
-1;44400;KELP;2018;28;;;;;2022;28;;;;;2020.0;0.0
-1;44400;SQUID_INK;1990;28;;;;;1994;28;;;;;1992.0;0.0
-1;44500;SQUID_INK;1993;1;1991;23;;;1994;21;;;;;1993.5;0.0
-1;44500;KELP;2021;1;2019;2;2018;21;2022;21;;;;;2021.5;0.0
-1;44500;RAINFOREST_RESIN;9995;21;;;;;10005;21;;;;;10000.0;0.0
-1;44600;SQUID_INK;1992;1;1991;23;;;1995;24;;;;;1993.5;0.0
-1;44600;RAINFOREST_RESIN;9996;1;9995;23;;;10004;1;10005;23;;;10000.0;0.0
-1;44600;KELP;2019;24;;;;;2022;24;;;;;2020.5;0.0
-1;44700;KELP;2019;29;;;;;2022;29;;;;;2020.5;0.0
-1;44700;RAINFOREST_RESIN;9995;29;;;;;10002;10;10005;29;;;9998.5;0.0
-1;44700;SQUID_INK;1991;29;;;;;1995;29;;;;;1993.0;0.0
-1;44800;RAINFOREST_RESIN;9995;29;;;;;9998;1;10002;10;10005;29;9996.5;0.0
-1;44800;KELP;2018;29;;;;;2022;29;;;;;2020.0;0.0
-1;44800;SQUID_INK;1990;29;;;;;1993;29;;;;;1991.5;0.0
-1;44900;SQUID_INK;1991;1;1990;26;;;1994;26;;;;;1992.5;0.0
-1;44900;KELP;2019;1;2018;26;;;2022;26;;;;;2020.5;0.0
-1;44900;RAINFOREST_RESIN;9996;1;9995;25;;;10004;1;10005;25;;;10000.0;0.0
-1;45000;SQUID_INK;1991;26;;;;;1994;26;;;;;1992.5;0.0
-1;45000;RAINFOREST_RESIN;10002;1;9996;2;9995;24;10004;2;10005;24;;;10003.0;0.0
-1;45000;KELP;2018;26;;;;;2022;26;;;;;2020.0;0.0
-1;45100;KELP;2019;27;;;;;2021;5;2022;27;;;2020.0;0.0
-1;45100;RAINFOREST_RESIN;9996;1;9995;26;;;10004;1;10005;26;;;10000.0;0.0
-1;45100;SQUID_INK;1991;27;;;;;1993;5;1994;27;;;1992.0;0.0
-1;45200;RAINFOREST_RESIN;9996;1;9995;28;;;10004;1;10005;28;;;10000.0;0.0
-1;45200;KELP;2019;29;;;;;2021;6;2022;29;;;2020.0;0.0
-1;45200;SQUID_INK;1991;29;;;;;1993;6;1995;29;;;1992.0;0.0
-1;45300;SQUID_INK;1992;4;1991;22;;;1995;22;;;;;1993.5;0.0
-1;45300;KELP;2018;26;;;;;2021;22;;;;;2019.5;0.0
-1;45300;RAINFOREST_RESIN;9995;22;;;;;10005;22;;;;;10000.0;0.0
-1;45400;SQUID_INK;1992;22;;;;;1994;2;1995;23;;;1993.0;0.0
-1;45400;RAINFOREST_RESIN;9996;2;9995;21;;;9998;1;10004;2;10005;21;9997.0;0.0
-1;45400;KELP;2018;22;;;;;2020;2;2021;23;;;2019.0;0.0
-1;45500;KELP;2018;25;;;;;2019;3;2021;25;;;2018.5;0.0
-1;45500;RAINFOREST_RESIN;9996;1;9995;24;;;10000;3;10004;1;10005;24;9998.0;0.0
-1;45500;SQUID_INK;1992;25;;;;;1993;3;1995;25;;;1992.5;0.0
-1;45600;RAINFOREST_RESIN;9995;26;;;;;10002;5;10005;26;;;9998.5;0.0
-1;45600;KELP;2018;33;;;;;2021;26;;;;;2019.5;0.0
-1;45600;SQUID_INK;1992;33;;;;;1995;26;;;;;1993.5;0.0
-1;45700;SQUID_INK;1993;24;;;;;1996;24;;;;;1994.5;0.0
-1;45700;KELP;2018;24;;;;;2021;24;;;;;2019.5;0.0
-1;45700;RAINFOREST_RESIN;9995;24;;;;;10005;24;;;;;10000.0;0.0
-1;45800;SQUID_INK;1994;27;;;;;1997;28;;;;;1995.5;0.0
-1;45800;RAINFOREST_RESIN;9996;1;9995;27;;;10004;1;10005;27;;;10000.0;0.0
-1;45800;KELP;2018;27;;;;;2021;28;;;;;2019.5;0.0
-1;45900;KELP;2019;4;2018;31;;;2022;31;;;;;2020.5;0.0
-1;45900;RAINFOREST_RESIN;9996;1;9995;30;;;10004;1;10005;30;;;10000.0;0.0
-1;45900;SQUID_INK;1994;35;;;;;1997;31;;;;;1995.5;0.0
-1;46000;RAINFOREST_RESIN;9996;2;9995;24;;;10004;2;10005;24;;;10000.0;0.0
-1;46000;KELP;2019;2;2018;24;;;2022;26;;;;;2020.5;0.0
-1;46000;SQUID_INK;1995;26;;;;;1998;26;;;;;1996.5;0.0
-1;46100;SQUID_INK;1995;25;;;;;1998;25;;;;;1996.5;0.0
-1;46100;KELP;2019;25;;;;;2022;25;;;;;2020.5;0.0
-1;46100;RAINFOREST_RESIN;9998;6;9996;2;9995;23;10004;2;10005;23;;;10001.0;0.0
-1;46200;SQUID_INK;1994;28;;;;;1998;28;;;;;1996.0;0.0
-1;46200;RAINFOREST_RESIN;9998;2;9996;1;9995;27;10004;1;10005;27;;;10001.0;0.0
-1;46200;KELP;2018;28;;;;;2021;1;2022;27;;;2019.5;0.0
-1;46300;KELP;2018;29;;;;;2021;29;;;;;2019.5;0.0
-1;46300;RAINFOREST_RESIN;9996;2;9995;27;;;10004;2;10005;27;;;10000.0;0.0
-1;46300;SQUID_INK;1995;29;;;;;1998;29;;;;;1996.5;0.0
-1;46400;RAINFOREST_RESIN;9995;22;;;;;10005;22;;;;;10000.0;0.0
-1;46400;KELP;2018;22;;;;;2022;22;;;;;2020.0;0.0
-1;46400;SQUID_INK;1994;22;;;;;1998;22;;;;;1996.0;0.0
-1;46500;KELP;2019;6;2018;31;;;2021;31;;;;;2020.0;0.0
-1;46500;SQUID_INK;1996;6;1995;31;;;1998;31;;;;;1997.0;0.0
-1;46500;RAINFOREST_RESIN;10000;6;9996;1;9995;30;10004;1;10005;30;;;10002.0;0.0
-1;46600;KELP;2019;3;2018;28;;;2021;1;2022;27;;;2020.0;0.0
-1;46600;SQUID_INK;1996;31;;;;;1999;28;;;;;1997.5;0.0
-1;46600;RAINFOREST_RESIN;9998;10;9996;1;9995;27;10004;1;10005;27;;;10001.0;0.0
-1;46700;RAINFOREST_RESIN;9995;26;;;;;10005;26;;;;;10000.0;0.0
-1;46700;KELP;2019;26;;;;;2022;26;;;;;2020.5;0.0
-1;46700;SQUID_INK;1996;26;;;;;1999;26;;;;;1997.5;0.0
-1;46800;RAINFOREST_RESIN;9996;1;9995;21;;;10004;1;10005;21;;;10000.0;0.0
-1;46800;KELP;2019;22;;;;;2022;22;;;;;2020.5;0.0
-1;46800;SQUID_INK;1995;22;;;;;1999;22;;;;;1997.0;0.0
-1;46900;KELP;2021;1;2019;32;;;2022;32;;;;;2021.5;0.0
-1;46900;SQUID_INK;1997;1;1995;32;;;1998;32;;;;;1997.5;0.0
-1;46900;RAINFOREST_RESIN;9996;2;9995;30;;;10004;2;10005;30;;;10000.0;0.0
-1;47000;KELP;2019;21;;;;;2022;21;;;;;2020.5;0.0
-1;47000;SQUID_INK;1995;21;;;;;1998;21;;;;;1996.5;0.0
-1;47000;RAINFOREST_RESIN;9996;1;9995;20;;;10004;1;10005;20;;;10000.0;0.0
-1;47100;RAINFOREST_RESIN;9996;2;9995;24;;;9998;1;10004;2;10005;24;9997.0;0.0
-1;47100;KELP;2019;22;;;;;2022;26;;;;;2020.5;0.0
-1;47100;SQUID_INK;1994;22;;;;;1997;26;;;;;1995.5;0.0
-1;47200;RAINFOREST_RESIN;10002;1;9996;2;9995;28;10004;2;10005;28;;;10003.0;0.0
-1;47200;KELP;2019;30;;;;;2022;30;;;;;2020.5;0.0
-1;47200;SQUID_INK;1994;30;;;;;1997;30;;;;;1995.5;0.0
-1;47300;KELP;2019;25;;;;;2021;1;2022;25;;;2020.0;0.0
-1;47300;SQUID_INK;1992;25;;;;;1994;1;1996;25;;;1993.0;0.0
-1;47300;RAINFOREST_RESIN;10002;1;9998;3;9995;25;10005;25;;;;;10003.5;0.0
-1;47400;KELP;2019;25;;;;;2022;24;;;;;2020.5;0.0
-1;47400;SQUID_INK;1994;1;1993;24;;;1997;24;;;;;1995.5;0.0
-1;47400;RAINFOREST_RESIN;9995;24;;;;;10002;9;10005;24;;;9998.5;0.0
-1;47500;RAINFOREST_RESIN;9995;30;;;;;10002;1;10005;30;;;9998.5;0.0
-1;47500;SQUID_INK;1993;30;;;;;1995;6;1996;30;;;1994.0;0.0
-1;47500;KELP;2019;30;;;;;2021;6;2022;30;;;2020.0;0.0
-1;47600;RAINFOREST_RESIN;9996;1;9995;27;;;10004;1;10005;27;;;10000.0;0.0
-1;47600;SQUID_INK;1992;28;;;;;1996;28;;;;;1994.0;0.0
-1;47600;KELP;2019;28;;;;;2022;28;;;;;2020.5;0.0
-1;47700;SQUID_INK;1992;23;;;;;1995;23;;;;;1993.5;0.0
-1;47700;KELP;2019;23;;;;;2022;23;;;;;2020.5;0.0
-1;47700;RAINFOREST_RESIN;9996;1;9995;22;;;10002;8;10004;1;10005;22;9999.0;0.0
-1;47800;SQUID_INK;1993;23;;;;;1996;23;;;;;1994.5;0.0
-1;47800;KELP;2019;23;;;;;2022;1;2023;22;;;2020.5;0.0
-1;47800;RAINFOREST_RESIN;9996;1;9995;22;;;10002;8;10004;1;10005;22;9999.0;0.0
-1;47900;RAINFOREST_RESIN;10002;1;9995;27;;;10005;27;;;;;10003.5;0.0
-1;47900;SQUID_INK;1993;27;;;;;1996;27;;;;;1994.5;0.0
-1;47900;KELP;2019;27;;;;;2023;27;;;;;2021.0;0.0
-1;48000;RAINFOREST_RESIN;9995;27;;;;;10005;27;;;;;10000.0;0.0
-1;48000;SQUID_INK;1994;27;;;;;1997;27;;;;;1995.5;0.0
-1;48000;KELP;2019;27;;;;;2023;27;;;;;2021.0;0.0
-1;48100;SQUID_INK;1994;1;1993;21;;;1997;21;;;;;1995.5;0.0
-1;48100;KELP;2019;22;;;;;2022;21;;;;;2020.5;0.0
-1;48100;RAINFOREST_RESIN;9995;21;;;;;10002;9;10005;21;;;9998.5;0.0
-1;48200;SQUID_INK;1992;25;;;;;1996;25;;;;;1994.0;0.0
-1;48200;KELP;2019;25;;;;;2022;25;;;;;2020.5;0.0
-1;48200;RAINFOREST_RESIN;9998;5;9995;25;;;10005;25;;;;;10001.5;0.0
-1;48300;RAINFOREST_RESIN;9996;1;9995;28;;;9998;1;10000;5;10004;1;9997.0;0.0
-1;48300;SQUID_INK;1991;29;;;;;1992;5;1994;29;;;1991.5;0.0
-1;48300;KELP;2018;29;;;;;2019;5;2022;29;;;2018.5;0.0
-1;48400;RAINFOREST_RESIN;9995;27;;;;;10002;7;10005;27;;;9998.5;0.0
-1;48400;SQUID_INK;1993;1;1992;27;;;1996;27;;;;;1994.5;0.0
-1;48400;KELP;2019;1;2018;27;;;2022;27;;;;;2020.5;0.0
-1;48500;SQUID_INK;1994;1;1993;29;;;1997;29;;;;;1995.5;0.0
-1;48500;KELP;2019;1;2018;29;;;2022;29;;;;;2020.5;0.0
-1;48500;RAINFOREST_RESIN;9995;29;;;;;9998;1;10005;29;;;9996.5;0.0
-1;48600;KELP;2019;1;2018;29;;;2022;29;;;;;2020.5;0.0
-1;48600;SQUID_INK;1993;30;;;;;1996;29;;;;;1994.5;0.0
-1;48600;RAINFOREST_RESIN;9996;1;9995;28;;;10004;1;10005;28;;;10000.0;0.0
-1;48700;RAINFOREST_RESIN;9996;1;9995;22;;;10004;1;10005;22;;;10000.0;0.0
-1;48700;SQUID_INK;1993;23;;;;;1997;23;;;;;1995.0;0.0
-1;48700;KELP;2018;23;;;;;2022;23;;;;;2020.0;0.0
-1;48800;RAINFOREST_RESIN;9996;1;9995;23;;;10004;1;10005;23;;;10000.0;0.0
-1;48800;KELP;2019;29;;;;;2022;24;;;;;2020.5;0.0
-1;48800;SQUID_INK;1994;5;1993;24;;;1997;24;;;;;1995.5;0.0
-1;48900;SQUID_INK;1993;7;1992;27;;;1996;27;;;;;1994.5;0.0
-1;48900;KELP;2019;34;;;;;2022;27;;;;;2020.5;0.0
-1;48900;RAINFOREST_RESIN;9995;27;;;;;10005;27;;;;;10000.0;0.0
-1;49000;KELP;2019;39;;;;;2022;32;;;;;2020.5;0.0
-1;49000;SQUID_INK;1993;9;1992;30;;;1996;32;;;;;1994.5;0.0
-1;49000;RAINFOREST_RESIN;9996;2;9995;30;;;10004;2;10005;30;;;10000.0;0.0
-1;49100;RAINFOREST_RESIN;9996;2;9995;30;;;10004;2;10005;30;;;10000.0;0.0
-1;49100;SQUID_INK;1992;40;;;;;1995;32;;;;;1993.5;0.0
-1;49100;KELP;2019;40;;;;;2022;32;;;;;2020.5;0.0
-1;49200;RAINFOREST_RESIN;9996;1;9995;20;;;10004;1;10005;20;;;10000.0;0.0
-1;49200;KELP;2019;21;;;;;2022;21;;;;;2020.5;0.0
-1;49200;SQUID_INK;1991;21;;;;;1994;1;1995;20;;;1992.5;0.0
-1;49300;SQUID_INK;1992;21;;;;;1995;22;;;;;1993.5;0.0
-1;49300;KELP;2019;21;;;;;2022;22;;;;;2020.5;0.0
-1;49300;RAINFOREST_RESIN;9998;9;9996;1;9995;21;10004;1;10005;21;;;10001.0;0.0
-1;49400;KELP;2021;9;2020;5;2019;20;2022;20;;;;;2021.5;0.0
-1;49400;SQUID_INK;1993;14;1991;20;;;1994;20;;;;;1993.5;0.0
-1;49400;RAINFOREST_RESIN;9995;20;;;;;10005;20;;;;;10000.0;0.0
-1;49500;RAINFOREST_RESIN;9996;2;9995;30;;;10004;2;10005;30;;;10000.0;0.0
-1;49500;SQUID_INK;1990;40;;;;;1993;32;;;;;1991.5;0.0
-1;49500;KELP;2019;40;;;;;2022;32;;;;;2020.5;0.0
-1;49600;RAINFOREST_RESIN;9995;24;;;;;10005;24;;;;;10000.0;0.0
-1;49600;KELP;2021;1;2019;24;;;2022;24;;;;;2021.5;0.0
-1;49600;SQUID_INK;1990;1;1988;24;;;1991;24;;;;;1990.5;0.0
-1;49700;SQUID_INK;1988;28;;;;;1991;28;;;;;1989.5;0.0
-1;49700;KELP;2019;28;;;;;2022;28;;;;;2020.5;0.0
-1;49700;RAINFOREST_RESIN;9998;7;9996;2;9995;26;10004;2;10005;26;;;10001.0;0.0
-1;49800;KELP;2019;25;;;;;2020;5;2023;25;;;2019.5;0.0
-1;49800;SQUID_INK;1988;25;;;;;1989;5;1991;25;;;1988.5;0.0
-1;49800;RAINFOREST_RESIN;9996;2;9995;23;;;10004;2;10005;23;;;10000.0;0.0
-1;49900;RAINFOREST_RESIN;9998;3;9995;23;;;10005;23;;;;;10001.5;0.0
-1;49900;SQUID_INK;1987;23;;;;;1990;23;;;;;1988.5;0.0
-1;49900;KELP;2019;23;;;;;2023;23;;;;;2021.0;0.0
-1;50000;RAINFOREST_RESIN;9996;1;9995;20;;;10004;1;10005;20;;;10000.0;0.0
-1;50000;KELP;2019;21;;;;;2022;1;2023;20;;;2020.5;0.0
-1;50000;SQUID_INK;1987;21;;;;;1990;21;;;;;1988.5;0.0
-1;50100;SQUID_INK;1986;24;;;;;1988;2;1990;24;;;1987.0;0.0
-1;50100;KELP;2019;24;;;;;2021;2;2022;24;;;2020.0;0.0
-1;50100;RAINFOREST_RESIN;9995;24;;;;;10005;24;;;;;10000.0;0.0
-1;50200;KELP;2019;24;;;;;2023;24;;;;;2021.0;0.0
-1;50200;SQUID_INK;1986;24;;;;;1989;24;;;;;1987.5;0.0
-1;50200;RAINFOREST_RESIN;9995;24;;;;;10005;24;;;;;10000.0;0.0
-1;50300;RAINFOREST_RESIN;9995;30;;;;;10002;10;10005;30;;;9998.5;0.0
-1;50300;SQUID_INK;1986;30;;;;;1990;30;;;;;1988.0;0.0
-1;50300;KELP;2019;30;;;;;2023;30;;;;;2021.0;0.0
-1;50400;RAINFOREST_RESIN;9998;4;9996;1;9995;22;10000;2;10004;1;10005;22;9999.0;0.0
-1;50400;KELP;2019;23;;;;;2021;3;2023;23;;;2020.0;0.0
-1;50400;SQUID_INK;1987;23;;;;;1988;2;1989;1;1990;23;1987.5;0.0
-1;50500;SQUID_INK;1986;25;;;;;1990;25;;;;;1988.0;0.0
-1;50500;KELP;2019;25;;;;;2023;25;;;;;2021.0;0.0
-1;50500;RAINFOREST_RESIN;9996;2;9995;23;;;10004;2;10005;23;;;10000.0;0.0
-1;50600;KELP;2019;21;;;;;2020;6;2023;23;;;2019.5;0.0
-1;50600;SQUID_INK;1987;15;;;;;1990;23;;;;;1988.5;0.0
-1;50600;RAINFOREST_RESIN;10002;1;9996;2;9995;21;10004;2;10005;21;;;10003.0;0.0
-1;50700;RAINFOREST_RESIN;9996;2;9995;22;;;10004;2;10005;22;;;10000.0;0.0
-1;50700;SQUID_INK;1987;24;;;;;1990;24;;;;;1988.5;0.0
-1;50700;KELP;2020;24;;;;;2023;24;;;;;2021.5;0.0
-1;50800;RAINFOREST_RESIN;10002;5;9996;2;9995;22;10004;2;10005;22;;;10003.0;0.0
-1;50800;KELP;2022;1;2020;24;;;2023;24;;;;;2022.5;0.0
-1;50800;SQUID_INK;1988;1;1986;24;;;1989;2;1990;22;;;1988.5;0.0
-1;50900;KELP;2020;28;;;;;2022;4;2023;28;;;2021.0;0.0
-1;50900;SQUID_INK;1987;28;;;;;1989;4;1990;28;;;1988.0;0.0
-1;50900;RAINFOREST_RESIN;9996;1;9995;27;;;10004;1;10005;27;;;10000.0;0.0
-1;51000;KELP;2020;28;;;;;2023;28;;;;;2021.5;0.0
-1;51000;SQUID_INK;1987;28;;;;;1990;28;;;;;1988.5;0.0
-1;51000;RAINFOREST_RESIN;9996;2;9995;26;;;10004;2;10005;26;;;10000.0;0.0
-1;51100;RAINFOREST_RESIN;9998;6;9996;1;9995;25;10004;1;10005;25;;;10001.0;0.0
-1;51100;KELP;2020;26;;;;;2023;26;;;;;2021.5;0.0
-1;51100;SQUID_INK;1987;26;;;;;1990;26;;;;;1988.5;0.0
-1;51200;RAINFOREST_RESIN;9996;2;9995;28;;;10004;2;10005;28;;;10000.0;0.0
-1;51200;KELP;2020;30;;;;;2023;30;;;;;2021.5;0.0
-1;51200;SQUID_INK;1986;30;;;;;1989;2;1990;28;;;1987.5;0.0
-1;51300;KELP;2020;25;;;;;2023;25;;;;;2021.5;0.0
-1;51300;SQUID_INK;1986;25;;;;;1989;25;;;;;1987.5;0.0
-1;51300;RAINFOREST_RESIN;9996;1;9995;24;;;10004;1;10005;24;;;10000.0;0.0
-1;51400;KELP;2020;30;;;;;2023;30;;;;;2021.5;0.0
-1;51400;SQUID_INK;1986;30;;;;;1989;30;;;;;1987.5;0.0
-1;51400;RAINFOREST_RESIN;9995;30;;;;;10002;3;10005;30;;;9998.5;0.0
-1;51500;RAINFOREST_RESIN;9995;30;;;;;10005;30;;;;;10000.0;0.0
-1;51500;KELP;2022;1;2020;30;;;2023;30;;;;;2022.5;0.0
-1;51500;SQUID_INK;1988;1;1986;30;;;1989;30;;;;;1988.5;0.0
-1;51600;RAINFOREST_RESIN;10000;5;9996;2;9995;22;10002;1;10004;2;10005;22;10001.0;0.0
-1;51600;KELP;2021;5;2020;24;;;2023;24;;;;;2022.0;0.0
-1;51600;SQUID_INK;1986;5;1985;24;;;1989;24;;;;;1987.5;0.0
-1;51700;KELP;2020;16;;;;;2023;20;;;;;2021.5;0.0
-1;51700;SQUID_INK;1986;16;;;;;1989;20;;;;;1987.5;0.0
-1;51700;RAINFOREST_RESIN;9995;20;;;;;10005;20;;;;;10000.0;0.0
-1;51800;KELP;2020;1;2019;24;;;2023;25;;;;;2021.5;0.0
-1;51800;SQUID_INK;1985;25;;;;;1989;25;;;;;1987.0;0.0
-1;51800;RAINFOREST_RESIN;9996;1;9995;24;;;10004;1;10005;24;;;10000.0;0.0
-1;51900;RAINFOREST_RESIN;9996;1;9995;23;;;10004;1;10005;23;;;10000.0;0.0
-1;51900;KELP;2021;4;2019;24;;;2023;24;;;;;2022.0;0.0
-1;51900;SQUID_INK;1987;4;1985;24;;;1989;24;;;;;1988.0;0.0
-1;52000;RAINFOREST_RESIN;9998;3;9995;29;;;10005;29;;;;;10001.5;0.0
-1;52000;SQUID_INK;1986;29;;;;;1988;6;1989;29;;;1987.0;0.0
-1;52000;KELP;2019;29;;;;;2021;6;2023;29;;;2020.0;0.0
-1;52100;SQUID_INK;1985;21;;;;;1988;21;;;;;1986.5;0.0
-1;52100;KELP;2019;21;;;;;2023;21;;;;;2021.0;0.0
-1;52100;RAINFOREST_RESIN;9995;21;;;;;10005;21;;;;;10000.0;0.0
-1;52200;SQUID_INK;1985;31;;;;;1988;31;;;;;1986.5;0.0
-1;52200;KELP;2019;31;;;;;2023;31;;;;;2021.0;0.0
-1;52200;RAINFOREST_RESIN;9996;2;9995;29;;;10004;2;10005;29;;;10000.0;0.0
-1;52300;RAINFOREST_RESIN;10002;1;9996;1;9995;27;10004;1;10005;27;;;10003.0;0.0
-1;52300;SQUID_INK;1988;1;1986;28;;;1989;28;;;;;1988.5;0.0
-1;52300;KELP;2022;1;2019;28;;;2023;28;;;;;2022.5;0.0
-1;52400;RAINFOREST_RESIN;9998;3;9996;1;9995;29;10004;1;10005;29;;;10001.0;0.0
-1;52400;SQUID_INK;1986;30;;;;;1989;30;;;;;1987.5;0.0
-1;52400;KELP;2020;30;;;;;2023;30;;;;;2021.5;0.0
-1;52500;SQUID_INK;1988;1;1986;28;;;1989;1;1990;27;;;1988.5;0.0
-1;52500;KELP;2022;1;2020;28;;;2023;28;;;;;2022.5;0.0
-1;52500;RAINFOREST_RESIN;9996;1;9995;27;;;9998;1;10004;1;10005;27;9997.0;0.0
-1;52600;RAINFOREST_RESIN;9998;1;9996;1;9995;22;10000;4;10004;1;10005;22;9999.0;0.0
-1;52600;SQUID_INK;1986;23;;;;;1987;4;1989;23;;;1986.5;0.0
-1;52600;KELP;2020;1;2019;22;;;2021;4;2023;23;;;2020.5;0.0
-1;52700;SQUID_INK;1986;1;1985;25;;;1989;27;;;;;1987.5;0.0
-1;52700;KELP;2019;26;;;;;2023;27;;;;;2021.0;0.0
-1;52700;RAINFOREST_RESIN;9996;2;9995;25;;;10004;2;10005;25;;;10000.0;0.0
-1;52800;RAINFOREST_RESIN;9995;26;;;;;10005;26;;;;;10000.0;0.0
-1;52800;SQUID_INK;1985;26;;;;;1989;26;;;;;1987.0;0.0
-1;52800;KELP;2019;26;;;;;2023;26;;;;;2021.0;0.0
-1;52900;SQUID_INK;1985;30;;;;;1988;30;;;;;1986.5;0.0
-1;52900;KELP;2020;30;;;;;2023;30;;;;;2021.5;0.0
-1;52900;RAINFOREST_RESIN;9995;30;;;;;10005;30;;;;;10000.0;0.0
-1;53000;RAINFOREST_RESIN;10002;1;9996;1;9995;20;10004;1;10005;20;;;10003.0;0.0
-1;53000;SQUID_INK;1987;21;;;;;1990;21;;;;;1988.5;0.0
-1;53000;KELP;2020;21;;;;;2023;21;;;;;2021.5;0.0
-1;53100;SQUID_INK;1986;24;;;;;1990;24;;;;;1988.0;0.0
-1;53100;KELP;2019;24;;;;;2023;24;;;;;2021.0;0.0
-1;53100;RAINFOREST_RESIN;9995;24;;;;;10005;24;;;;;10000.0;0.0
-1;53200;SQUID_INK;1988;1;1986;31;;;1990;31;;;;;1989.0;0.0
-1;53200;RAINFOREST_RESIN;9996;1;9995;30;;;10004;1;10005;30;;;10000.0;0.0
-1;53200;KELP;2022;1;2019;31;;;2023;31;;;;;2022.5;0.0
-1;53300;KELP;2020;29;;;;;2023;29;;;;;2021.5;0.0
-1;53300;RAINFOREST_RESIN;9995;29;;;;;10005;29;;;;;10000.0;0.0
-1;53300;SQUID_INK;1988;29;;;;;1991;29;;;;;1989.5;0.0
-1;53400;RAINFOREST_RESIN;9998;6;9996;2;9995;23;10004;2;10005;23;;;10001.0;0.0
-1;53400;KELP;2020;25;;;;;2023;25;;;;;2021.5;0.0
-1;53400;SQUID_INK;1986;25;;;;;1990;25;;;;;1988.0;0.0
-1;53500;SQUID_INK;1986;23;;;;;1989;23;;;;;1987.5;0.0
-1;53500;KELP;2020;23;;;;;2023;23;;;;;2021.5;0.0
-1;53500;RAINFOREST_RESIN;9996;2;9995;21;;;10002;1;10004;2;10005;21;9999.0;0.0
-1;53600;SQUID_INK;1985;24;;;;;1989;24;;;;;1987.0;0.0
-1;53600;RAINFOREST_RESIN;9995;24;;;;;9998;9;10005;24;;;9996.5;0.0
-1;53600;KELP;2020;24;;;;;2023;24;;;;;2021.5;0.0
-1;53700;KELP;2019;30;;;;;2023;30;;;;;2021.0;0.0
-1;53700;RAINFOREST_RESIN;9998;1;9995;30;;;10005;30;;;;;10001.5;0.0
-1;53700;SQUID_INK;1986;30;;;;;1989;30;;;;;1987.5;0.0
-1;53800;RAINFOREST_RESIN;10002;3;9995;30;;;10005;30;;;;;10003.5;0.0
-1;53800;KELP;2019;30;;;;;2023;30;;;;;2021.0;0.0
-1;53800;SQUID_INK;1985;30;;;;;1988;30;;;;;1986.5;0.0
-1;53900;SQUID_INK;1982;27;;;;;1986;27;;;;;1984.0;0.0
-1;53900;KELP;2019;27;;;;;2023;27;;;;;2021.0;0.0
-1;53900;RAINFOREST_RESIN;9996;2;9995;25;;;10004;2;10005;25;;;10000.0;0.0
-1;54000;SQUID_INK;1982;31;;;;;1984;1;1985;31;;;1983.0;0.0
-1;54000;RAINFOREST_RESIN;9998;6;9996;1;9995;30;10004;1;10005;30;;;10001.0;0.0
-1;54000;KELP;2020;31;;;;;2022;1;2023;31;;;2021.0;0.0
-1;54100;KELP;2020;24;;;;;2022;2;2023;24;;;2021.0;0.0
-1;54100;RAINFOREST_RESIN;9998;2;9996;2;9995;22;10004;2;10005;22;;;10001.0;0.0
-1;54100;SQUID_INK;1979;24;;;;;1981;2;1982;24;;;1980.0;0.0
-1;54200;RAINFOREST_RESIN;9995;28;;;;;10005;28;;;;;10000.0;0.0
-1;54200;KELP;2020;28;;;;;2023;28;;;;;2021.5;0.0
-1;54200;SQUID_INK;1980;28;;;;;1984;28;;;;;1982.0;0.0
-1;54300;SQUID_INK;1980;1;1978;25;;;1981;25;;;;;1980.5;0.0
-1;54300;KELP;2022;1;2019;25;;;2023;25;;;;;2022.5;0.0
-1;54300;RAINFOREST_RESIN;9996;2;9995;23;;;10004;2;10005;23;;;10000.0;0.0
-1;54400;SQUID_INK;1978;29;;;;;1982;29;;;;;1980.0;0.0
-1;54400;RAINFOREST_RESIN;9995;29;;;;;10005;29;;;;;10000.0;0.0
-1;54400;KELP;2019;29;;;;;2022;29;;;;;2020.5;0.0
-1;54500;KELP;2019;21;;;;;2022;21;;;;;2020.5;0.0
-1;54500;RAINFOREST_RESIN;9996;1;9995;20;;;10004;1;10005;20;;;10000.0;0.0
-1;54500;SQUID_INK;1977;21;;;;;1981;21;;;;;1979.0;0.0
-1;54600;RAINFOREST_RESIN;10002;3;9995;27;;;10005;27;;;;;10003.5;0.0
-1;54600;KELP;2019;27;;;;;2023;27;;;;;2021.0;0.0
-1;54600;SQUID_INK;1977;27;;;;;1981;27;;;;;1979.0;0.0
-1;54700;SQUID_INK;1975;29;;;;;1976;4;1979;29;;;1975.5;0.0
-1;54700;KELP;2019;29;;;;;2020;4;2022;29;;;2019.5;0.0
-1;54700;RAINFOREST_RESIN;9996;2;9995;27;;;10004;2;10005;27;;;10000.0;0.0
-1;54800;SQUID_INK;1976;27;;;;;1978;1;1979;27;;;1977.0;0.0
-1;54800;RAINFOREST_RESIN;9998;8;9995;27;;;10005;27;;;;;10001.5;0.0
-1;54800;KELP;2019;27;;;;;2021;1;2022;27;;;2020.0;0.0
-1;54900;KELP;2019;29;;;;;2022;29;;;;;2020.5;0.0
-1;54900;RAINFOREST_RESIN;9996;1;9995;28;;;10002;3;10004;1;10005;28;9999.0;0.0
-1;54900;SQUID_INK;1977;29;;;;;1980;29;;;;;1978.5;0.0
-1;55000;RAINFOREST_RESIN;9996;2;9995;28;;;10002;8;10004;2;10005;28;9999.0;0.0
-1;55000;KELP;2019;36;;;;;2022;30;;;;;2020.5;0.0
-1;55000;SQUID_INK;1978;6;1977;30;;;1981;30;;;;;1979.5;0.0
-1;55100;SQUID_INK;1978;37;;;;;1981;29;;;;;1979.5;0.0
-1;55100;KELP;2019;37;;;;;2022;29;;;;;2020.5;0.0
-1;55100;RAINFOREST_RESIN;9995;29;;;;;10005;29;;;;;10000.0;0.0
-1;55200;SQUID_INK;1978;18;;;;;1980;8;1981;23;;;1979.0;0.0
-1;55200;RAINFOREST_RESIN;9996;2;9995;21;;;10004;2;10005;21;;;10000.0;0.0
-1;55200;KELP;2018;21;;;;;2019;3;2020;8;2022;23;2018.5;0.0
-1;55300;RAINFOREST_RESIN;9996;2;9995;27;;;9998;1;10002;2;10004;2;9997.0;0.0
-1;55300;KELP;2018;29;;;;;2022;29;;;;;2020.0;0.0
-1;55300;SQUID_INK;1980;2;1979;27;;;1983;29;;;;;1981.5;0.0
-1;55400;RAINFOREST_RESIN;9998;3;9996;1;9995;21;10004;1;10005;21;;;10001.0;0.0
-1;55400;KELP;2019;2;2018;22;;;2022;22;;;;;2020.5;0.0
-1;55400;SQUID_INK;1982;24;;;;;1985;22;;;;;1983.5;0.0
