timestamp;buyer;seller;symbol;currency;price;quantity
0;;;KELP;SEASHELLS;2029.0;13
0;;;KELP;SEASHELLS;2029.0;1
0;;;RAINFOREST_RESIN;SEASHELLS;10004.0;1
0;;;SQUID_INK;SEASHELLS;2006.0;13
0;;;SQUID_INK;SEASHELLS;2006.0;1
1100;;;RAINFOREST_RESIN;SEASHELLS;9996.0;2
1700;;;KELP;SEASHELLS;2026.0;8
1700;;;RAINFOREST_RESIN;SEASHELLS;10002.0;1
1700;;;SQUID_INK;SEASHELLS;2009.0;8
1800;;;RAINFOREST_RESIN;SEASHELLS;10002.0;1
1900;;;KELP;SEASHELLS;2026.0;1
1900;;;SQUID_INK;SEASHELLS;2010.0;1
2000;;;RAINFOREST_RESIN;SEASHELLS;9998.0;1
2400;;;KELP;SEASHELLS;2025.0;1
2400;;;SQUID_INK;SEASHELLS;2009.0;1
2900;;;RAINFOREST_RESIN;SEASHELLS;9996.0;1
2900;;;RAINFOREST_RESIN;SEASHELLS;9996.0;11
3000;;;KELP;SEASHELLS;2027.0;1
3000;;;RAINFOREST_RESIN;SEASHELLS;10005.0;1
3000;;;SQUID_INK;SEASHELLS;2011.0;1
3100;;;KELP;SEASHELLS;2023.0;2
3100;;;RAINFOREST_RESIN;SEASHELLS;9996.0;2
3100;;;SQUID_INK;SEASHELLS;2008.0;2
3200;;;KELP;SEASHELLS;2023.0;2
3200;;;RAINFOREST_RESIN;SEASHELLS;9996.0;1
3200;;;RAINFOREST_RESIN;SEASHELLS;9996.0;1
3200;;;SQUID_INK;SEASHELLS;2005.0;2
3700;;;RAINFOREST_RESIN;SEASHELLS;10002.0;1
3800;;;KELP;SEASHELLS;2023.0;14
3800;;;KELP;SEASHELLS;2023.0;1
3800;;;RAINFOREST_RESIN;SEASHELLS;9996.0;1
3800;;;SQUID_INK;SEASHELLS;2007.0;2
3800;;;SQUID_INK;SEASHELLS;2006.0;1
3800;;;SQUID_INK;SEASHELLS;2007.0;12
4200;;;RAINFOREST_RESIN;SEASHELLS;9996.0;2
4300;;;KELP;SEASHELLS;2025.0;1
4300;;;KELP;SEASHELLS;2023.0;2
4300;;;RAINFOREST_RESIN;SEASHELLS;9995.0;2
4300;;;SQUID_INK;SEASHELLS;2012.0;1
4300;;;SQUID_INK;SEASHELLS;2010.0;2
4500;;;KELP;SEASHELLS;2023.0;1
4500;;;SQUID_INK;SEASHELLS;2010.0;1
4700;;;KELP;SEASHELLS;2023.0;7
4800;;;KELP;SEASHELLS;2027.0;2
4800;;;RAINFOREST_RESIN;SEASHELLS;10004.0;2
4800;;;SQUID_INK;SEASHELLS;2014.0;2
5300;;;KELP;SEASHELLS;2025.0;1
5300;;;SQUID_INK;SEASHELLS;2016.0;1
5700;;;KELP;SEASHELLS;2024.0;1
5700;;;SQUID_INK;SEASHELLS;2011.0;1
6100;;;KELP;SEASHELLS;2024.0;1
6100;;;SQUID_INK;SEASHELLS;2016.0;1
6500;;;RAINFOREST_RESIN;SEASHELLS;9998.0;1
6600;;;RAINFOREST_RESIN;SEASHELLS;10004.0;2
6700;;;RAINFOREST_RESIN;SEASHELLS;10002.0;3
6900;;;KELP;SEASHELLS;2026.0;1
6900;;;RAINFOREST_RESIN;SEASHELLS;10002.0;1
6900;;;SQUID_INK;SEASHELLS;2021.0;1
7000;;;KELP;SEASHELLS;2027.0;2
7000;;;RAINFOREST_RESIN;SEASHELLS;10005.0;2
7000;;;SQUID_INK;SEASHELLS;2023.0;2
7300;;;KELP;SEASHELLS;2027.0;2
7300;;;RAINFOREST_RESIN;SEASHELLS;10004.0;2
7300;;;SQUID_INK;SEASHELLS;2023.0;2
7400;;;KELP;SEASHELLS;2024.0;1
7400;;;SQUID_INK;SEASHELLS;2021.0;1
7700;;;KELP;SEASHELLS;2024.0;1
7700;;;SQUID_INK;SEASHELLS;2013.0;1
8100;;;KELP;SEASHELLS;2027.0;1
8100;;;RAINFOREST_RESIN;SEASHELLS;9996.0;1
8100;;;RAINFOREST_RESIN;SEASHELLS;9996.0;1
8100;;;SQUID_INK;SEASHELLS;2017.0;1
8600;;;KELP;SEASHELLS;2023.0;1
8600;;;SQUID_INK;SEASHELLS;2013.0;1
8800;;;RAINFOREST_RESIN;SEASHELLS;9998.0;1
9200;;;KELP;SEASHELLS;2025.0;1
9200;;;SQUID_INK;SEASHELLS;2020.0;1
10300;;;KELP;SEASHELLS;2024.0;1
10300;;;RAINFOREST_RESIN;SEASHELLS;9998.0;1
10300;;;SQUID_INK;SEASHELLS;2021.0;1
10400;;;RAINFOREST_RESIN;SEASHELLS;10002.0;1
10800;;;RAINFOREST_RESIN;SEASHELLS;10004.0;2
10800;;;RAINFOREST_RESIN;SEASHELLS;10004.0;10
11100;;;RAINFOREST_RESIN;SEASHELLS;9998.0;3
11100;;;RAINFOREST_RESIN;SEASHELLS;9998.0;4
11300;;;KELP;SEASHELLS;2022.0;3
11300;;;SQUID_INK;SEASHELLS;2013.0;3
11400;;;KELP;SEASHELLS;2022.0;2
11400;;;RAINFOREST_RESIN;SEASHELLS;9996.0;1
11400;;;SQUID_INK;SEASHELLS;2014.0;2
11500;;;RAINFOREST_RESIN;SEASHELLS;10002.0;2
11700;;;KELP;SEASHELLS;2023.0;2
11700;;;SQUID_INK;SEASHELLS;2014.0;2
11800;;;KELP;SEASHELLS;2025.0;1
11800;;;SQUID_INK;SEASHELLS;2015.0;1
11800;;;SQUID_INK;SEASHELLS;2014.0;4
12000;;;RAINFOREST_RESIN;SEASHELLS;10002.0;1
12400;;;KELP;SEASHELLS;2026.0;15
12400;;;SQUID_INK;SEASHELLS;2020.0;15
12500;;;KELP;SEASHELLS;2023.0;1
12500;;;SQUID_INK;SEASHELLS;2015.0;1
13000;;;KELP;SEASHELLS;2025.0;1
13000;;;RAINFOREST_RESIN;SEASHELLS;10002.0;1
13000;;;SQUID_INK;SEASHELLS;2018.0;1
13200;;;RAINFOREST_RESIN;SEASHELLS;9998.0;2
13300;;;KELP;SEASHELLS;2026.0;2
13300;;;RAINFOREST_RESIN;SEASHELLS;10005.0;2
13300;;;SQUID_INK;SEASHELLS;2016.0;2
13600;;;KELP;SEASHELLS;2023.0;1
13600;;;SQUID_INK;SEASHELLS;2010.0;1
13900;;;SQUID_INK;SEASHELLS;2009.0;6
14200;;;KELP;SEASHELLS;2023.0;1
14200;;;SQUID_INK;SEASHELLS;2008.0;1
15000;;;KELP;SEASHELLS;2024.0;2
15000;;;SQUID_INK;SEASHELLS;2007.0;2
15200;;;KELP;SEASHELLS;2022.0;1
15200;;;SQUID_INK;SEASHELLS;2002.0;1
15300;;;RAINFOREST_RESIN;SEASHELLS;10002.0;1
15400;;;RAINFOREST_RESIN;SEASHELLS;9998.0;1
15600;;;KELP;SEASHELLS;2025.0;2
15600;;;RAINFOREST_RESIN;SEASHELLS;10004.0;2
15600;;;SQUID_INK;SEASHELLS;2003.0;2
15700;;;RAINFOREST_RESIN;SEASHELLS;10002.0;1
15800;;;KELP;SEASHELLS;2025.0;1
15800;;;SQUID_INK;SEASHELLS;2000.0;1
16200;;;KELP;SEASHELLS;2023.0;1
16200;;;KELP;SEASHELLS;2023.0;1
16200;;;RAINFOREST_RESIN;SEASHELLS;9998.0;1
16200;;;SQUID_INK;SEASHELLS;2004.0;1
16200;;;SQUID_INK;SEASHELLS;2004.0;1
16300;;;RAINFOREST_RESIN;SEASHELLS;10004.0;1
16400;;;RAINFOREST_RESIN;SEASHELLS;10002.0;1
16600;;;KELP;SEASHELLS;2023.0;1
16600;;;SQUID_INK;SEASHELLS;2003.0;1
16700;;;KELP;SEASHELLS;2025.0;1
16700;;;RAINFOREST_RESIN;SEASHELLS;10002.0;1
16800;;;RAINFOREST_RESIN;SEASHELLS;9995.0;5
18200;;;KELP;SEASHELLS;2024.0;4
18200;;;KELP;SEASHELLS;2024.0;1
18200;;;SQUID_INK;SEASHELLS;2003.0;4
18200;;;SQUID_INK;SEASHELLS;2003.0;1
18500;;;KELP;SEASHELLS;2026.0;1
18500;;;SQUID_INK;SEASHELLS;2005.0;1
19000;;;KELP;SEASHELLS;2024.0;10
19000;;;SQUID_INK;SEASHELLS;2002.0;10
19300;;;KELP;SEASHELLS;2024.0;1
19300;;;RAINFOREST_RESIN;SEASHELLS;9996.0;1
19300;;;SQUID_INK;SEASHELLS;2001.0;1
19700;;;KELP;SEASHELLS;2024.0;1
19700;;;RAINFOREST_RESIN;SEASHELLS;10002.0;1
19700;;;SQUID_INK;SEASHELLS;2001.0;1
20100;;;RAINFOREST_RESIN;SEASHELLS;10002.0;4
20100;;;RAINFOREST_RESIN;SEASHELLS;10002.0;1
20200;;;RAINFOREST_RESIN;SEASHELLS;9998.0;1
20300;;;KELP;SEASHELLS;2024.0;1
20300;;;SQUID_INK;SEASHELLS;1999.0;1
20400;;;KELP;SEASHELLS;2025.0;4
20400;;;SQUID_INK;SEASHELLS;1999.0;4
20500;;;RAINFOREST_RESIN;SEASHELLS;9998.0;1
20700;;;RAINFOREST_RESIN;SEASHELLS;10002.0;1
21200;;;RAINFOREST_RESIN;SEASHELLS;9998.0;1
21300;;;RAINFOREST_RESIN;SEASHELLS;9996.0;1
21300;;;RAINFOREST_RESIN;SEASHELLS;9996.0;7
21700;;;KELP;SEASHELLS;2027.0;8
21700;;;SQUID_INK;SEASHELLS;1999.0;8
22100;;;KELP;SEASHELLS;2024.0;1
22100;;;SQUID_INK;SEASHELLS;1996.0;1
22200;;;RAINFOREST_RESIN;SEASHELLS;9998.0;6
22400;;;RAINFOREST_RESIN;SEASHELLS;9998.0;1
22500;;;KELP;SEASHELLS;2026.0;11
22500;;;SQUID_INK;SEASHELLS;1999.0;11
22700;;;KELP;SEASHELLS;2023.0;1
22700;;;SQUID_INK;SEASHELLS;1995.0;1
22800;;;KELP;SEASHELLS;2023.0;1
22800;;;RAINFOREST_RESIN;SEASHELLS;9998.0;2
22800;;;SQUID_INK;SEASHELLS;1996.0;1
23200;;;KELP;SEASHELLS;2023.0;2
23200;;;RAINFOREST_RESIN;SEASHELLS;9998.0;2
23200;;;SQUID_INK;SEASHELLS;1996.0;2
23300;;;RAINFOREST_RESIN;SEASHELLS;9998.0;1
23500;;;KELP;SEASHELLS;2023.0;1
23500;;;SQUID_INK;SEASHELLS;1996.0;1
23700;;;RAINFOREST_RESIN;SEASHELLS;10002.0;1
23900;;;KELP;SEASHELLS;2025.0;1
23900;;;SQUID_INK;SEASHELLS;1994.0;1
24100;;;KELP;SEASHELLS;2025.0;1
24100;;;RAINFOREST_RESIN;SEASHELLS;9996.0;1
24100;;;RAINFOREST_RESIN;SEASHELLS;9996.0;7
24100;;;SQUID_INK;SEASHELLS;1994.0;1
24500;;;KELP;SEASHELLS;2022.0;2
24500;;;RAINFOREST_RESIN;SEASHELLS;10002.0;1
24500;;;SQUID_INK;SEASHELLS;1992.0;2
24600;;;KELP;SEASHELLS;2024.0;5
24600;;;RAINFOREST_RESIN;SEASHELLS;9998.0;2
24600;;;SQUID_INK;SEASHELLS;1995.0;5
24900;;;KELP;SEASHELLS;2024.0;4
24900;;;SQUID_INK;SEASHELLS;1993.0;4
25100;;;RAINFOREST_RESIN;SEASHELLS;10002.0;1
25200;;;KELP;SEASHELLS;2025.0;1
25200;;;RAINFOREST_RESIN;SEASHELLS;10002.0;1
25200;;;RAINFOREST_RESIN;SEASHELLS;9998.0;3
25200;;;RAINFOREST_RESIN;SEASHELLS;9998.0;5
25200;;;SQUID_INK;SEASHELLS;1996.0;1
25300;;;KELP;SEASHELLS;2023.0;1
25300;;;SQUID_INK;SEASHELLS;1996.0;1
25700;;;RAINFOREST_RESIN;SEASHELLS;10004.0;2
25800;;;KELP;SEASHELLS;2023.0;1
26000;;;KELP;SEASHELLS;2023.0;7
26000;;;SQUID_INK;SEASHELLS;1995.0;7
26300;;;RAINFOREST_RESIN;SEASHELLS;9998.0;1
26400;;;KELP;SEASHELLS;2023.0;1
26400;;;SQUID_INK;SEASHELLS;1999.0;1
26600;;;RAINFOREST_RESIN;SEASHELLS;9998.0;1
26900;;;KELP;SEASHELLS;2023.0;1
27300;;;KELP;SEASHELLS;2025.0;1
27600;;;KELP;SEASHELLS;2023.0;1
27600;;;RAINFOREST_RESIN;SEASHELLS;9998.0;4
27600;;;SQUID_INK;SEASHELLS;1999.0;1
27700;;;KELP;SEASHELLS;2023.0;5
27800;;;KELP;SEASHELLS;2025.0;1
27800;;;SQUID_INK;SEASHELLS;2002.0;1
27900;;;KELP;SEASHELLS;2025.0;1
27900;;;SQUID_INK;SEASHELLS;2002.0;1
28200;;;KELP;SEASHELLS;2025.0;5
28200;;;RAINFOREST_RESIN;SEASHELLS;9998.0;2
28200;;;SQUID_INK;SEASHELLS;2004.0;5
28200;;;SQUID_INK;SEASHELLS;2004.0;6
28400;;;KELP;SEASHELLS;2023.0;1
28400;;;SQUID_INK;SEASHELLS;2003.0;1
29000;;;KELP;SEASHELLS;2024.0;1
29000;;;RAINFOREST_RESIN;SEASHELLS;10005.0;8
29000;;;SQUID_INK;SEASHELLS;2007.0;1
29300;;;KELP;SEASHELLS;2026.0;2
29300;;;KELP;SEASHELLS;2026.0;10
29300;;;SQUID_INK;SEASHELLS;2008.0;2
29300;;;SQUID_INK;SEASHELLS;2008.0;10
29400;;;KELP;SEASHELLS;2024.0;1
29400;;;RAINFOREST_RESIN;SEASHELLS;10002.0;1
29400;;;SQUID_INK;SEASHELLS;2005.0;1
29700;;;KELP;SEASHELLS;2024.0;1
29700;;;SQUID_INK;SEASHELLS;2007.0;1
30000;;;RAINFOREST_RESIN;SEASHELLS;9998.0;1
30000;;;RAINFOREST_RESIN;SEASHELLS;9998.0;3
30200;;;KELP;SEASHELLS;2027.0;10
30200;;;SQUID_INK;SEASHELLS;2009.0;10
30300;;;KELP;SEASHELLS;2026.0;1
30300;;;SQUID_INK;SEASHELLS;2007.0;1
30600;;;KELP;SEASHELLS;2024.0;1
30600;;;KELP;SEASHELLS;2027.0;1
30600;;;RAINFOREST_RESIN;SEASHELLS;10002.0;1
30600;;;SQUID_INK;SEASHELLS;2006.0;1
30600;;;SQUID_INK;SEASHELLS;2009.0;1
31300;;;KELP;SEASHELLS;2023.0;13
31300;;;SQUID_INK;SEASHELLS;2002.0;13
31600;;;KELP;SEASHELLS;2025.0;1
31900;;;RAINFOREST_RESIN;SEASHELLS;10005.0;2
32400;;;KELP;SEASHELLS;2023.0;1
32400;;;SQUID_INK;SEASHELLS;2000.0;1
32500;;;KELP;SEASHELLS;2023.0;1
32500;;;SQUID_INK;SEASHELLS;2002.0;1
32600;;;KELP;SEASHELLS;2027.0;2
32600;;;RAINFOREST_RESIN;SEASHELLS;10005.0;2
32600;;;RAINFOREST_RESIN;SEASHELLS;10002.0;1
32600;;;SQUID_INK;SEASHELLS;2002.0;2
32800;;;RAINFOREST_RESIN;SEASHELLS;9996.0;2
33000;;;RAINFOREST_RESIN;SEASHELLS;10002.0;6
33100;;;KELP;SEASHELLS;2023.0;1
33100;;;SQUID_INK;SEASHELLS;1997.0;1
33200;;;KELP;SEASHELLS;2023.0;1
33200;;;KELP;SEASHELLS;2024.0;10
33200;;;SQUID_INK;SEASHELLS;1998.0;1
33200;;;SQUID_INK;SEASHELLS;1998.0;10
33500;;;KELP;SEASHELLS;2026.0;1
33500;;;RAINFOREST_RESIN;SEASHELLS;10004.0;1
33500;;;SQUID_INK;SEASHELLS;2000.0;1
33600;;;RAINFOREST_RESIN;SEASHELLS;10002.0;6
33800;;;SQUID_INK;SEASHELLS;1997.0;3
34000;;;KELP;SEASHELLS;2023.0;1
34100;;;RAINFOREST_RESIN;SEASHELLS;9996.0;1
34100;;;RAINFOREST_RESIN;SEASHELLS;9996.0;2
34200;;;KELP;SEASHELLS;2022.0;9
34200;;;SQUID_INK;SEASHELLS;1990.0;9
34300;;;RAINFOREST_RESIN;SEASHELLS;10002.0;1
34500;;;SQUID_INK;SEASHELLS;1986.0;5
34600;;;KELP;SEASHELLS;2023.0;1
34600;;;SQUID_INK;SEASHELLS;1987.0;1
35000;;;KELP;SEASHELLS;2025.0;1
35000;;;RAINFOREST_RESIN;SEASHELLS;10002.0;1
35000;;;SQUID_INK;SEASHELLS;1989.0;1
35100;;;RAINFOREST_RESIN;SEASHELLS;10002.0;3
35300;;;KELP;SEASHELLS;2025.0;1
35300;;;KELP;SEASHELLS;2023.0;8
35300;;;SQUID_INK;SEASHELLS;1988.0;1
35300;;;SQUID_INK;SEASHELLS;1986.0;8
35400;;;KELP;SEASHELLS;2025.0;1
35400;;;RAINFOREST_RESIN;SEASHELLS;10002.0;3
35400;;;SQUID_INK;SEASHELLS;1989.0;1
35800;;;KELP;SEASHELLS;2023.0;2
35800;;;SQUID_INK;SEASHELLS;1990.0;1
35800;;;SQUID_INK;SEASHELLS;1990.0;1
36100;;;RAINFOREST_RESIN;SEASHELLS;10002.0;1
36200;;;RAINFOREST_RESIN;SEASHELLS;9998.0;1
36400;;;KELP;SEASHELLS;2024.0;1
36400;;;SQUID_INK;SEASHELLS;1989.0;1
36500;;;KELP;SEASHELLS;2023.0;2
36500;;;SQUID_INK;SEASHELLS;1988.0;2
37300;;;KELP;SEASHELLS;2021.0;1
37300;;;SQUID_INK;SEASHELLS;1988.0;1
37500;;;KELP;SEASHELLS;2020.0;1
37500;;;RAINFOREST_RESIN;SEASHELLS;9996.0;1
37500;;;SQUID_INK;SEASHELLS;1987.0;1
37800;;;KELP;SEASHELLS;2020.0;1
37800;;;SQUID_INK;SEASHELLS;1986.0;1
38400;;;KELP;SEASHELLS;2020.0;6
38400;;;SQUID_INK;SEASHELLS;1985.0;6
38500;;;RAINFOREST_RESIN;SEASHELLS;10002.0;1
38600;;;KELP;SEASHELLS;2019.0;1
38600;;;RAINFOREST_RESIN;SEASHELLS;9996.0;1
38600;;;SQUID_INK;SEASHELLS;1984.0;1
38800;;;RAINFOREST_RESIN;SEASHELLS;9996.0;1
38800;;;SQUID_INK;SEASHELLS;1989.0;2
39200;;;KELP;SEASHELLS;2022.0;1
39200;;;RAINFOREST_RESIN;SEASHELLS;9998.0;1
39200;;;SQUID_INK;SEASHELLS;1989.0;1
39400;;;KELP;SEASHELLS;2022.0;1
39400;;;RAINFOREST_RESIN;SEASHELLS;10004.0;1
39400;;;SQUID_INK;SEASHELLS;1989.0;1
39500;;;RAINFOREST_RESIN;SEASHELLS;9998.0;1
40500;;;KELP;SEASHELLS;2019.0;1
40500;;;SQUID_INK;SEASHELLS;1984.0;1
40900;;;KELP;SEASHELLS;2017.0;1
40900;;;RAINFOREST_RESIN;SEASHELLS;10004.0;2
40900;;;RAINFOREST_RESIN;SEASHELLS;10004.0;1
40900;;;RAINFOREST_RESIN;SEASHELLS;10004.0;8
40900;;;SQUID_INK;SEASHELLS;1984.0;1
41000;;;KELP;SEASHELLS;2018.0;1
41000;;;SQUID_INK;SEASHELLS;1983.0;1
41100;;;KELP;SEASHELLS;2018.0;2
41100;;;KELP;SEASHELLS;2018.0;1
41100;;;SQUID_INK;SEASHELLS;1984.0;2
41100;;;SQUID_INK;SEASHELLS;1984.0;1
41500;;;KELP;SEASHELLS;2019.0;5
41500;;;SQUID_INK;SEASHELLS;1987.0;5
41500;;;SQUID_INK;SEASHELLS;1987.0;1
41700;;;KELP;SEASHELLS;2018.0;1
41700;;;SQUID_INK;SEASHELLS;1986.0;1
41900;;;KELP;SEASHELLS;2020.0;1
41900;;;SQUID_INK;SEASHELLS;1987.0;1
42000;;;KELP;SEASHELLS;2018.0;1
42000;;;KELP;SEASHELLS;2020.0;5
42000;;;SQUID_INK;SEASHELLS;1986.0;1
42000;;;SQUID_INK;SEASHELLS;1988.0;5
42300;;;KELP;SEASHELLS;2019.0;7
42300;;;SQUID_INK;SEASHELLS;1988.0;7
42400;;;KELP;SEASHELLS;2019.0;1
42400;;;SQUID_INK;SEASHELLS;1986.0;1
42500;;;KELP;SEASHELLS;2019.0;1
42500;;;RAINFOREST_RESIN;SEASHELLS;10002.0;3
42500;;;RAINFOREST_RESIN;SEASHELLS;10002.0;1
42500;;;SQUID_INK;SEASHELLS;1986.0;1
42600;;;KELP;SEASHELLS;2019.0;2
42600;;;RAINFOREST_RESIN;SEASHELLS;9995.0;2
42600;;;SQUID_INK;SEASHELLS;1986.0;2
42900;;;KELP;SEASHELLS;2022.0;2
42900;;;RAINFOREST_RESIN;SEASHELLS;10005.0;2
42900;;;SQUID_INK;SEASHELLS;1988.0;2
43500;;;KELP;SEASHELLS;2020.0;1
43500;;;SQUID_INK;SEASHELLS;1987.0;1
43900;;;RAINFOREST_RESIN;SEASHELLS;10002.0;4
44500;;;KELP;SEASHELLS;2021.0;1
44500;;;SQUID_INK;SEASHELLS;1993.0;1
44800;;;RAINFOREST_RESIN;SEASHELLS;9998.0;1
45000;;;RAINFOREST_RESIN;SEASHELLS;10002.0;1
45400;;;KELP;SEASHELLS;2018.0;1
45400;;;SQUID_INK;SEASHELLS;1992.0;1
45500;;;KELP;SEASHELLS;2019.0;3
45500;;;SQUID_INK;SEASHELLS;1993.0;3
45800;;;KELP;SEASHELLS;2018.0;1
45800;;;SQUID_INK;SEASHELLS;1994.0;1
45900;;;KELP;SEASHELLS;2022.0;2
45900;;;RAINFOREST_RESIN;SEASHELLS;10004.0;1
45900;;;RAINFOREST_RESIN;SEASHELLS;10004.0;1
45900;;;SQUID_INK;SEASHELLS;1997.0;2
46600;;;KELP;SEASHELLS;2019.0;2
46600;;;RAINFOREST_RESIN;SEASHELLS;9998.0;2
46600;;;SQUID_INK;SEASHELLS;1996.0;2
46900;;;KELP;SEASHELLS;2021.0;1
46900;;;SQUID_INK;SEASHELLS;1997.0;1
47100;;;KELP;SEASHELLS;2019.0;4
47100;;;RAINFOREST_RESIN;SEASHELLS;9998.0;1
47100;;;SQUID_INK;SEASHELLS;1994.0;4
47500;;;RAINFOREST_RESIN;SEASHELLS;10002.0;4
48100;;;KELP;SEASHELLS;2019.0;1
48100;;;KELP;SEASHELLS;2019.0;1
48100;;;RAINFOREST_RESIN;SEASHELLS;9995.0;2
48100;;;SQUID_INK;SEASHELLS;1994.0;1
48600;;;KELP;SEASHELLS;2019.0;1
48600;;;KELP;SEASHELLS;2019.0;1
48600;;;RAINFOREST_RESIN;SEASHELLS;9996.0;1
48600;;;SQUID_INK;SEASHELLS;1993.0;1
48600;;;SQUID_INK;SEASHELLS;1993.0;1
49000;;;KELP;SEASHELLS;2019.0;1
49000;;;SQUID_INK;SEASHELLS;1993.0;1
49200;;;KELP;SEASHELLS;2022.0;11
49200;;;SQUID_INK;SEASHELLS;1994.0;1
49300;;;KELP;SEASHELLS;2019.0;1
49300;;;SQUID_INK;SEASHELLS;1992.0;1
49400;;;KELP;SEASHELLS;2021.0;9
49500;;;KELP;SEASHELLS;2022.0;6
49500;;;SQUID_INK;SEASHELLS;1993.0;6
49600;;;KELP;SEASHELLS;2021.0;1
49600;;;SQUID_INK;SEASHELLS;1990.0;1
49800;;;KELP;SEASHELLS;2020.0;5
49800;;;SQUID_INK;SEASHELLS;1989.0;5
49900;;;KELP;SEASHELLS;2023.0;2
49900;;;RAINFOREST_RESIN;SEASHELLS;9998.0;6
49900;;;RAINFOREST_RESIN;SEASHELLS;10005.0;2
49900;;;SQUID_INK;SEASHELLS;1990.0;2
50400;;;RAINFOREST_RESIN;SEASHELLS;9998.0;1
50600;;;KELP;SEASHELLS;2020.0;2
50600;;;KELP;SEASHELLS;2019.0;1
50600;;;KELP;SEASHELLS;2020.0;6
50600;;;RAINFOREST_RESIN;SEASHELLS;10002.0;1
50600;;;SQUID_INK;SEASHELLS;1987.0;8
50600;;;SQUID_INK;SEASHELLS;1987.0;1
51300;;;KELP;SEASHELLS;2020.0;13
51300;;;SQUID_INK;SEASHELLS;1986.0;13
51600;;;KELP;SEASHELLS;2023.0;2
51600;;;RAINFOREST_RESIN;SEASHELLS;10002.0;1
51600;;;RAINFOREST_RESIN;SEASHELLS;10002.0;1
51600;;;SQUID_INK;SEASHELLS;1989.0;2
51700;;;KELP;SEASHELLS;2020.0;4
51700;;;RAINFOREST_RESIN;SEASHELLS;9995.0;11
51700;;;SQUID_INK;SEASHELLS;1986.0;4
51900;;;RAINFOREST_RESIN;SEASHELLS;9996.0;1
52100;;;RAINFOREST_RESIN;SEASHELLS;9995.0;8
52300;;;KELP;SEASHELLS;2022.0;1
52300;;;RAINFOREST_RESIN;SEASHELLS;10002.0;1
52300;;;SQUID_INK;SEASHELLS;1988.0;1
52600;;;SQUID_INK;SEASHELLS;1987.0;4
52700;;;KELP;SEASHELLS;2019.0;1
52700;;;SQUID_INK;SEASHELLS;1986.0;1
52900;;;RAINFOREST_RESIN;SEASHELLS;10005.0;6
53900;;;KELP;SEASHELLS;2023.0;2
53900;;;RAINFOREST_RESIN;SEASHELLS;10004.0;2
53900;;;SQUID_INK;SEASHELLS;1986.0;2
54100;;;KELP;SEASHELLS;2020.0;1
54100;;;RAINFOREST_RESIN;SEASHELLS;9998.0;1
54100;;;SQUID_INK;SEASHELLS;1979.0;1
54300;;;KELP;SEASHELLS;2022.0;1
54300;;;RAINFOREST_RESIN;SEASHELLS;10004.0;2
54300;;;RAINFOREST_RESIN;SEASHELLS;10004.0;1
54300;;;SQUID_INK;SEASHELLS;1980.0;1
54600;;;RAINFOREST_RESIN;SEASHELLS;10002.0;3
54700;;;KELP;SEASHELLS;2020.0;4
54700;;;SQUID_INK;SEASHELLS;1976.0;4
55000;;;KELP;SEASHELLS;2019.0;1
55000;;;SQUID_INK;SEASHELLS;1977.0;1
55100;;;KELP;SEASHELLS;2022.0;2
55100;;;RAINFOREST_RESIN;SEASHELLS;10005.0;2
55100;;;SQUID_INK;SEASHELLS;1981.0;2
55200;;;KELP;SEASHELLS;2019.0;2
55200;;;KELP;SEASHELLS;2019.0;3
55200;;;SQUID_INK;SEASHELLS;1978.0;5
55700;;;KELP;SEASHELLS;2019.0;1
55700;;;RAINFOREST_RESIN;SEASHELLS;9996.0;1
55700;;;SQUID_INK;SEASHELLS;1973.0;1
56000;;;SQUID_INK;SEASHELLS;1967.0;3
56700;;;KELP;SEASHELLS;2020.0;2
56700;;;SQUID_INK;SEASHELLS;1962.0;2
57200;;;KELP;SEASHELLS;2019.0;1
57200;;;RAINFOREST_RESIN;SEASHELLS;10002.0;2
57200;;;SQUID_INK;SEASHELLS;1964.0;1
57500;;;KELP;SEASHELLS;2019.0;5
57800;;;RAINFOREST_RESIN;SEASHELLS;9998.0;1
57900;;;KELP;SEASHELLS;2018.0;2
57900;;;RAINFOREST_RESIN;SEASHELLS;9998.0;1
57900;;;SQUID_INK;SEASHELLS;1960.0;2
58000;;;KELP;SEASHELLS;2020.0;1
58000;;;KELP;SEASHELLS;2020.0;11
58000;;;RAINFOREST_RESIN;SEASHELLS;9998.0;4
58000;;;SQUID_INK;SEASHELLS;1963.0;12
58100;;;RAINFOREST_RESIN;SEASHELLS;10005.0;3
58400;;;KELP;SEASHELLS;2016.0;15
58400;;;SQUID_INK;SEASHELLS;1956.0;15
58600;;;RAINFOREST_RESIN;SEASHELLS;10002.0;1
58800;;;RAINFOREST_RESIN;SEASHELLS;9995.0;12
59100;;;KELP;SEASHELLS;2019.0;1
59100;;;RAINFOREST_RESIN;SEASHELLS;10005.0;1
59100;;;SQUID_INK;SEASHELLS;1965.0;1
59300;;;KELP;SEASHELLS;2016.0;1
59300;;;SQUID_INK;SEASHELLS;1963.0;1
60000;;;KELP;SEASHELLS;2018.0;1
60000;;;RAINFOREST_RESIN;SEASHELLS;9998.0;2
60000;;;RAINFOREST_RESIN;SEASHELLS;10005.0;1
60000;;;SQUID_INK;SEASHELLS;1970.0;1
60200;;;KELP;SEASHELLS;2016.0;1
60200;;;RAINFOREST_RESIN;SEASHELLS;9995.0;8
60200;;;SQUID_INK;SEASHELLS;1968.0;1
60200;;;SQUID_INK;SEASHELLS;1968.0;3
60700;;;KELP;SEASHELLS;2017.0;1
60700;;;SQUID_INK;SEASHELLS;1972.0;1
60800;;;KELP;SEASHELLS;2015.0;1
60800;;;SQUID_INK;SEASHELLS;1970.0;1
60900;;;KELP;SEASHELLS;2015.0;3
60900;;;SQUID_INK;SEASHELLS;1973.0;3
61200;;;KELP;SEASHELLS;2016.0;2
61200;;;SQUID_INK;SEASHELLS;1974.0;2
61700;;;KELP;SEASHELLS;2014.0;1
61700;;;SQUID_INK;SEASHELLS;1977.0;1
61900;;;KELP;SEASHELLS;2017.0;2
61900;;;RAINFOREST_RESIN;SEASHELLS;9998.0;1
61900;;;SQUID_INK;SEASHELLS;1981.0;2
62000;;;KELP;SEASHELLS;2016.0;1
62000;;;SQUID_INK;SEASHELLS;1978.0;1
62200;;;RAINFOREST_RESIN;SEASHELLS;10002.0;4
62300;;;RAINFOREST_RESIN;SEASHELLS;10005.0;2
62800;;;KELP;SEASHELLS;2015.0;1
62800;;;SQUID_INK;SEASHELLS;1976.0;1
62900;;;RAINFOREST_RESIN;SEASHELLS;9998.0;4
63000;;;KELP;SEASHELLS;2018.0;1
63000;;;SQUID_INK;SEASHELLS;1977.0;1
63100;;;KELP;SEASHELLS;2016.0;1
63100;;;SQUID_INK;SEASHELLS;1976.0;1
63400;;;KELP;SEASHELLS;2018.0;5
63400;;;SQUID_INK;SEASHELLS;1981.0;5
63600;;;KELP;SEASHELLS;2018.0;1
63800;;;KELP;SEASHELLS;2016.0;1
63800;;;SQUID_INK;SEASHELLS;1977.0;1
63900;;;RAINFOREST_RESIN;SEASHELLS;9995.0;12
64000;;;KELP;SEASHELLS;2016.0;1
64000;;;RAINFOREST_RESIN;SEASHELLS;9998.0;1
64000;;;SQUID_INK;SEASHELLS;1979.0;1
64200;;;RAINFOREST_RESIN;SEASHELLS;9996.0;1
64200;;;RAINFOREST_RESIN;SEASHELLS;9996.0;2
64400;;;RAINFOREST_RESIN;SEASHELLS;9998.0;4
64500;;;RAINFOREST_RESIN;SEASHELLS;9998.0;1
65000;;;RAINFOREST_RESIN;SEASHELLS;9998.0;1
65100;;;RAINFOREST_RESIN;SEASHELLS;9996.0;2
65100;;;RAINFOREST_RESIN;SEASHELLS;9996.0;1
65300;;;RAINFOREST_RESIN;SEASHELLS;10002.0;2
65400;;;KELP;SEASHELLS;2016.0;3
66000;;;RAINFOREST_RESIN;SEASHELLS;9998.0;1
66300;;;KELP;SEASHELLS;2018.0;1
66300;;;SQUID_INK;SEASHELLS;1984.0;1
66900;;;KELP;SEASHELLS;2017.0;1
66900;;;SQUID_INK;SEASHELLS;1987.0;1
67100;;;KELP;SEASHELLS;2018.0;9
67100;;;SQUID_INK;SEASHELLS;1987.0;9
67200;;;KELP;SEASHELLS;2015.0;1
67200;;;SQUID_INK;SEASHELLS;1982.0;1
67300;;;RAINFOREST_RESIN;SEASHELLS;9998.0;5
67500;;;KELP;SEASHELLS;2015.0;1
67500;;;SQUID_INK;SEASHELLS;1981.0;1
67600;;;KELP;SEASHELLS;2018.0;12
67600;;;SQUID_INK;SEASHELLS;1985.0;12
68000;;;KELP;SEASHELLS;2015.0;6
68000;;;SQUID_INK;SEASHELLS;1983.0;2
68100;;;RAINFOREST_RESIN;SEASHELLS;9998.0;2
68200;;;KELP;SEASHELLS;2017.0;1
68200;;;SQUID_INK;SEASHELLS;1984.0;1
68300;;;KELP;SEASHELLS;2017.0;1
68300;;;SQUID_INK;SEASHELLS;1986.0;1
68600;;;KELP;SEASHELLS;2015.0;1
68600;;;SQUID_INK;SEASHELLS;1982.0;1
68900;;;KELP;SEASHELLS;2017.0;1
68900;;;SQUID_INK;SEASHELLS;1985.0;1
69100;;;KELP;SEASHELLS;2017.0;1
69100;;;KELP;SEASHELLS;2015.0;8
69100;;;KELP;SEASHELLS;2015.0;1
69100;;;SQUID_INK;SEASHELLS;1984.0;1
69100;;;SQUID_INK;SEASHELLS;1983.0;8
69200;;;KELP;SEASHELLS;2017.0;2
69200;;;KELP;SEASHELLS;2017.0;1
69200;;;SQUID_INK;SEASHELLS;1983.0;1
69300;;;KELP;SEASHELLS;2017.0;1
69300;;;RAINFOREST_RESIN;SEASHELLS;9998.0;1
69300;;;SQUID_INK;SEASHELLS;1983.0;1
69600;;;KELP;SEASHELLS;2015.0;1
69600;;;SQUID_INK;SEASHELLS;1981.0;1
69700;;;KELP;SEASHELLS;2015.0;2
69700;;;RAINFOREST_RESIN;SEASHELLS;10002.0;1
69700;;;SQUID_INK;SEASHELLS;1980.0;1
69700;;;SQUID_INK;SEASHELLS;1980.0;1
70100;;;KELP;SEASHELLS;2015.0;1
70100;;;SQUID_INK;SEASHELLS;1980.0;1
70300;;;RAINFOREST_RESIN;SEASHELLS;9998.0;2
70600;;;KELP;SEASHELLS;2015.0;2
70600;;;RAINFOREST_RESIN;SEASHELLS;9996.0;1
70600;;;SQUID_INK;SEASHELLS;1980.0;2
70800;;;KELP;SEASHELLS;2015.0;1
70800;;;SQUID_INK;SEASHELLS;1978.0;1
71200;;;KELP;SEASHELLS;2015.0;1
71200;;;RAINFOREST_RESIN;SEASHELLS;10002.0;1
71200;;;SQUID_INK;SEASHELLS;1977.0;1
71500;;;KELP;SEASHELLS;2015.0;3
71500;;;RAINFOREST_RESIN;SEASHELLS;10002.0;3
71700;;;KELP;SEASHELLS;2014.0;8
71700;;;SQUID_INK;SEASHELLS;1983.0;8
71900;;;RAINFOREST_RESIN;SEASHELLS;10002.0;1
72000;;;KELP;SEASHELLS;2017.0;1
72000;;;SQUID_INK;SEASHELLS;1985.0;1
72400;;;RAINFOREST_RESIN;SEASHELLS;10002.0;1
72500;;;KELP;SEASHELLS;2017.0;1
72500;;;RAINFOREST_RESIN;SEASHELLS;10004.0;1
72500;;;SQUID_INK;SEASHELLS;1984.0;1
72600;;;SQUID_INK;SEASHELLS;1981.0;4
72900;;;KELP;SEASHELLS;2017.0;1
72900;;;RAINFOREST_RESIN;SEASHELLS;10004.0;1
72900;;;SQUID_INK;SEASHELLS;1985.0;1
73000;;;KELP;SEASHELLS;2014.0;1
73000;;;RAINFOREST_RESIN;SEASHELLS;10002.0;1
73000;;;SQUID_INK;SEASHELLS;1981.0;1
73100;;;RAINFOREST_RESIN;SEASHELLS;10002.0;1
73900;;;KELP;SEASHELLS;2015.0;5
73900;;;KELP;SEASHELLS;2015.0;3
73900;;;SQUID_INK;SEASHELLS;1984.0;5
73900;;;SQUID_INK;SEASHELLS;1984.0;3
74000;;;RAINFOREST_RESIN;SEASHELLS;10002.0;1
74300;;;KELP;SEASHELLS;2014.0;1
74300;;;SQUID_INK;SEASHELLS;1983.0;1
74900;;;RAINFOREST_RESIN;SEASHELLS;10002.0;1
75000;;;KELP;SEASHELLS;2016.0;1
75000;;;RAINFOREST_RESIN;SEASHELLS;9995.0;9
75000;;;RAINFOREST_RESIN;SEASHELLS;9998.0;1
75000;;;SQUID_INK;SEASHELLS;1988.0;1
75200;;;SQUID_INK;SEASHELLS;1987.0;3
75500;;;KELP;SEASHELLS;2014.0;2
75500;;;RAINFOREST_RESIN;SEASHELLS;9996.0;2
75500;;;SQUID_INK;SEASHELLS;1985.0;2
75600;;;RAINFOREST_RESIN;SEASHELLS;10002.0;1
75900;;;KELP;SEASHELLS;2014.0;6
75900;;;SQUID_INK;SEASHELLS;1984.0;6
76100;;;RAINFOREST_RESIN;SEASHELLS;9998.0;1
76200;;;KELP;SEASHELLS;2014.0;14
76200;;;SQUID_INK;SEASHELLS;1984.0;14
76900;;;KELP;SEASHELLS;2014.0;2
76900;;;KELP;SEASHELLS;2014.0;3
76900;;;SQUID_INK;SEASHELLS;1984.0;2
76900;;;SQUID_INK;SEASHELLS;1984.0;3
77000;;;KELP;SEASHELLS;2016.0;2
77000;;;RAINFOREST_RESIN;SEASHELLS;10002.0;2
77000;;;SQUID_INK;SEASHELLS;1986.0;2
77100;;;KELP;SEASHELLS;2015.0;2
77100;;;SQUID_INK;SEASHELLS;1986.0;2
77200;;;KELP;SEASHELLS;2014.0;1
77200;;;KELP;SEASHELLS;2012.0;10
77200;;;SQUID_INK;SEASHELLS;1986.0;1
77200;;;SQUID_INK;SEASHELLS;1984.0;10
77600;;;KELP;SEASHELLS;2012.0;3
77600;;;KELP;SEASHELLS;2012.0;7
77600;;;SQUID_INK;SEASHELLS;1990.0;3
77600;;;SQUID_INK;SEASHELLS;1990.0;7
77900;;;RAINFOREST_RESIN;SEASHELLS;10002.0;3
78100;;;KELP;SEASHELLS;2013.0;1
78100;;;KELP;SEASHELLS;2014.0;3
78100;;;RAINFOREST_RESIN;SEASHELLS;10002.0;1
78100;;;SQUID_INK;SEASHELLS;1991.0;3
78100;;;SQUID_INK;SEASHELLS;1991.0;1
78500;;;RAINFOREST_RESIN;SEASHELLS;10004.0;1
78500;;;RAINFOREST_RESIN;SEASHELLS;10004.0;10
78700;;;KELP;SEASHELLS;2013.0;2
78700;;;SQUID_INK;SEASHELLS;1991.0;2
78800;;;RAINFOREST_RESIN;SEASHELLS;10002.0;1
78900;;;KELP;SEASHELLS;2015.0;1
78900;;;RAINFOREST_RESIN;SEASHELLS;10002.0;1
78900;;;SQUID_INK;SEASHELLS;1992.0;1
79000;;;KELP;SEASHELLS;2013.0;3
79000;;;SQUID_INK;SEASHELLS;1989.0;3
79100;;;KELP;SEASHELLS;2013.0;1
79100;;;SQUID_INK;SEASHELLS;1989.0;1
79200;;;KELP;SEASHELLS;2014.0;5
79200;;;RAINFOREST_RESIN;SEASHELLS;9998.0;3
79200;;;SQUID_INK;SEASHELLS;1989.0;5
79400;;;KELP;SEASHELLS;2013.0;1
79400;;;SQUID_INK;SEASHELLS;1989.0;1
79600;;;KELP;SEASHELLS;2013.0;13
79600;;;SQUID_INK;SEASHELLS;1988.0;13
79900;;;KELP;SEASHELLS;2013.0;1
79900;;;RAINFOREST_RESIN;SEASHELLS;9998.0;3
79900;;;SQUID_INK;SEASHELLS;1989.0;1
80500;;;SQUID_INK;SEASHELLS;1987.0;6
80900;;;KELP;SEASHELLS;2013.0;1
80900;;;SQUID_INK;SEASHELLS;1986.0;1
81100;;;KELP;SEASHELLS;2015.0;1
81100;;;SQUID_INK;SEASHELLS;1987.0;1
81400;;;RAINFOREST_RESIN;SEASHELLS;10004.0;1
81800;;;RAINFOREST_RESIN;SEASHELLS;10002.0;1
81900;;;RAINFOREST_RESIN;SEASHELLS;9998.0;1
82500;;;KELP;SEASHELLS;2015.0;1
82500;;;SQUID_INK;SEASHELLS;1980.0;1
82600;;;KELP;SEASHELLS;2016.0;1
82600;;;KELP;SEASHELLS;2016.0;3
82600;;;SQUID_INK;SEASHELLS;1981.0;1
82600;;;SQUID_INK;SEASHELLS;1981.0;3
82800;;;KELP;SEASHELLS;2018.0;1
82800;;;RAINFOREST_RESIN;SEASHELLS;10002.0;1
82800;;;SQUID_INK;SEASHELLS;1984.0;1
83100;;;KELP;SEASHELLS;2016.0;1
83100;;;KELP;SEASHELLS;2016.0;3
83100;;;RAINFOREST_RESIN;SEASHELLS;9998.0;1
83100;;;SQUID_INK;SEASHELLS;1982.0;1
83100;;;SQUID_INK;SEASHELLS;1982.0;3
83700;;;SQUID_INK;SEASHELLS;1975.0;1
84100;;;RAINFOREST_RESIN;SEASHELLS;9996.0;1
84100;;;RAINFOREST_RESIN;SEASHELLS;9996.0;8
84200;;;KELP;SEASHELLS;2016.0;1
84200;;;RAINFOREST_RESIN;SEASHELLS;9996.0;2
84200;;;RAINFOREST_RESIN;SEASHELLS;9996.0;1
84200;;;SQUID_INK;SEASHELLS;1971.0;1
84300;;;RAINFOREST_RESIN;SEASHELLS;10004.0;2
84500;;;KELP;SEASHELLS;2015.0;1
84500;;;SQUID_INK;SEASHELLS;1969.0;1
85100;;;KELP;SEASHELLS;2018.0;14
85100;;;KELP;SEASHELLS;2015.0;13
85100;;;SQUID_INK;SEASHELLS;1971.0;14
85100;;;SQUID_INK;SEASHELLS;1968.0;13
85800;;;KELP;SEASHELLS;2015.0;1
85800;;;SQUID_INK;SEASHELLS;1965.0;1
85900;;;RAINFOREST_RESIN;SEASHELLS;9998.0;1
86100;;;RAINFOREST_RESIN;SEASHELLS;10002.0;1
86200;;;KELP;SEASHELLS;2015.0;3
86200;;;SQUID_INK;SEASHELLS;1963.0;3
86700;;;KELP;SEASHELLS;2015.0;1
86700;;;RAINFOREST_RESIN;SEASHELLS;9998.0;1
86700;;;SQUID_INK;SEASHELLS;1959.0;1
87200;;;RAINFOREST_RESIN;SEASHELLS;9996.0;1
87400;;;KELP;SEASHELLS;2015.0;1
87400;;;SQUID_INK;SEASHELLS;1962.0;1
87700;;;KELP;SEASHELLS;2013.0;1
87700;;;SQUID_INK;SEASHELLS;1962.0;1
87900;;;KELP;SEASHELLS;2017.0;1
87900;;;RAINFOREST_RESIN;SEASHELLS;10005.0;1
87900;;;SQUID_INK;SEASHELLS;1966.0;1
88000;;;KELP;SEASHELLS;2013.0;2
88000;;;RAINFOREST_RESIN;SEASHELLS;9996.0;2
88000;;;SQUID_INK;SEASHELLS;1962.0;2
88100;;;KELP;SEASHELLS;2017.0;8
88100;;;SQUID_INK;SEASHELLS;1966.0;8
88300;;;KELP;SEASHELLS;2014.0;1
88300;;;SQUID_INK;SEASHELLS;1964.0;1
88500;;;KELP;SEASHELLS;2016.0;1
88500;;;SQUID_INK;SEASHELLS;1966.0;1
88900;;;KELP;SEASHELLS;2014.0;1
89100;;;KELP;SEASHELLS;2014.0;1
89100;;;RAINFOREST_RESIN;SEASHELLS;9998.0;1
89100;;;SQUID_INK;SEASHELLS;1964.0;1
89200;;;RAINFOREST_RESIN;SEASHELLS;10002.0;1
89600;;;KELP;SEASHELLS;2016.0;6
89600;;;KELP;SEASHELLS;2016.0;2
89600;;;RAINFOREST_RESIN;SEASHELLS;9996.0;1
89600;;;SQUID_INK;SEASHELLS;1969.0;6
89600;;;SQUID_INK;SEASHELLS;1969.0;2
89800;;;KELP;SEASHELLS;2014.0;1
89800;;;SQUID_INK;SEASHELLS;1966.0;1
89900;;;KELP;SEASHELLS;2014.0;2
89900;;;RAINFOREST_RESIN;SEASHELLS;9995.0;2
89900;;;SQUID_INK;SEASHELLS;1966.0;2
90000;;;RAINFOREST_RESIN;SEASHELLS;9998.0;1
90000;;;RAINFOREST_RESIN;SEASHELLS;9998.0;1
90100;;;RAINFOREST_RESIN;SEASHELLS;10002.0;3
90300;;;RAINFOREST_RESIN;SEASHELLS;9998.0;1
90900;;;KELP;SEASHELLS;2017.0;1
90900;;;SQUID_INK;SEASHELLS;1970.0;1
91000;;;KELP;SEASHELLS;2017.0;1
91000;;;SQUID_INK;SEASHELLS;1970.0;1
91100;;;KELP;SEASHELLS;2015.0;1
91100;;;RAINFOREST_RESIN;SEASHELLS;9996.0;1
91100;;;SQUID_INK;SEASHELLS;1967.0;1
91200;;;KELP;SEASHELLS;2015.0;1
91200;;;RAINFOREST_RESIN;SEASHELLS;9995.0;1
91200;;;SQUID_INK;SEASHELLS;1967.0;1
91500;;;KELP;SEASHELLS;2015.0;15
91500;;;SQUID_INK;SEASHELLS;1971.0;15
91700;;;RAINFOREST_RESIN;SEASHELLS;9998.0;1
91700;;;SQUID_INK;SEASHELLS;1973.0;1
92100;;;RAINFOREST_RESIN;SEASHELLS;9998.0;1
92200;;;KELP;SEASHELLS;2015.0;8
92200;;;KELP;SEASHELLS;2015.0;2
92200;;;RAINFOREST_RESIN;SEASHELLS;9996.0;1
92200;;;RAINFOREST_RESIN;SEASHELLS;9996.0;1
92200;;;SQUID_INK;SEASHELLS;1975.0;8
92200;;;SQUID_INK;SEASHELLS;1975.0;2
92300;;;KELP;SEASHELLS;2018.0;12
92300;;;SQUID_INK;SEASHELLS;1981.0;12
92700;;;KELP;SEASHELLS;2015.0;1
92700;;;KELP;SEASHELLS;2016.0;1
92700;;;RAINFOREST_RESIN;SEASHELLS;10002.0;2
92700;;;RAINFOREST_RESIN;SEASHELLS;10002.0;1
92700;;;SQUID_INK;SEASHELLS;1978.0;1
92700;;;SQUID_INK;SEASHELLS;1978.0;1
92900;;;KELP;SEASHELLS;2016.0;1
92900;;;RAINFOREST_RESIN;SEASHELLS;9998.0;1
92900;;;SQUID_INK;SEASHELLS;1978.0;1
93100;;;SQUID_INK;SEASHELLS;1979.0;3
93200;;;KELP;SEASHELLS;2019.0;1
93200;;;SQUID_INK;SEASHELLS;1979.0;1
93300;;;KELP;SEASHELLS;2019.0;1
93300;;;SQUID_INK;SEASHELLS;1979.0;1
93400;;;RAINFOREST_RESIN;SEASHELLS;9998.0;3
93600;;;KELP;SEASHELLS;2023.0;1
93600;;;RAINFOREST_RESIN;SEASHELLS;10004.0;1
93600;;;SQUID_INK;SEASHELLS;1979.0;1
93800;;;RAINFOREST_RESIN;SEASHELLS;9998.0;1
94200;;;RAINFOREST_RESIN;SEASHELLS;10002.0;1
94300;;;RAINFOREST_RESIN;SEASHELLS;10002.0;1
94400;;;KELP;SEASHELLS;2023.0;1
94400;;;RAINFOREST_RESIN;SEASHELLS;10005.0;1
94400;;;SQUID_INK;SEASHELLS;1977.0;1
94600;;;RAINFOREST_RESIN;SEASHELLS;9998.0;1
94900;;;KELP;SEASHELLS;2023.0;6
94900;;;SQUID_INK;SEASHELLS;1978.0;6
95000;;;KELP;SEASHELLS;2023.0;1
95000;;;RAINFOREST_RESIN;SEASHELLS;10004.0;1
95000;;;RAINFOREST_RESIN;SEASHELLS;10005.0;1
95000;;;SQUID_INK;SEASHELLS;1977.0;1
95600;;;KELP;SEASHELLS;2018.0;1
95600;;;SQUID_INK;SEASHELLS;1974.0;1
95700;;;RAINFOREST_RESIN;SEASHELLS;10002.0;1
95800;;;RAINFOREST_RESIN;SEASHELLS;10005.0;7
96000;;;KELP;SEASHELLS;2016.0;2
96000;;;RAINFOREST_RESIN;SEASHELLS;9996.0;1
96000;;;SQUID_INK;SEASHELLS;1975.0;2
96200;;;KELP;SEASHELLS;2017.0;1
96200;;;RAINFOREST_RESIN;SEASHELLS;9998.0;5
96200;;;SQUID_INK;SEASHELLS;1975.0;1
96300;;;KELP;SEASHELLS;2016.0;1
96300;;;SQUID_INK;SEASHELLS;1976.0;1
96800;;;RAINFOREST_RESIN;SEASHELLS;10002.0;3
96900;;;KELP;SEASHELLS;2018.0;14
96900;;;SQUID_INK;SEASHELLS;1979.0;14
97100;;;KELP;SEASHELLS;2018.0;1
97100;;;RAINFOREST_RESIN;SEASHELLS;9995.0;1
97100;;;SQUID_INK;SEASHELLS;1974.0;1
97200;;;KELP;SEASHELLS;2018.0;10
97200;;;KELP;SEASHELLS;2019.0;3
97200;;;SQUID_INK;SEASHELLS;1973.0;1
97200;;;SQUID_INK;SEASHELLS;1973.0;9
97300;;;KELP;SEASHELLS;2018.0;1
97300;;;SQUID_INK;SEASHELLS;1974.0;1
97600;;;RAINFOREST_RESIN;SEASHELLS;10002.0;7
97700;;;KELP;SEASHELLS;2021.0;1
97700;;;SQUID_INK;SEASHELLS;1977.0;1
97900;;;KELP;SEASHELLS;2018.0;1
97900;;;SQUID_INK;SEASHELLS;1974.0;1
98400;;;KELP;SEASHELLS;2020.0;7
98400;;;SQUID_INK;SEASHELLS;1978.0;7
98800;;;KELP;SEASHELLS;2020.0;1
98800;;;RAINFOREST_RESIN;SEASHELLS;10002.0;1
98800;;;SQUID_INK;SEASHELLS;1977.0;1
98900;;;KELP;SEASHELLS;2021.0;15
98900;;;SQUID_INK;SEASHELLS;1979.0;15
99000;;;KELP;SEASHELLS;2018.0;1
99000;;;SQUID_INK;SEASHELLS;1977.0;1
99400;;;KELP;SEASHELLS;2022.0;2
99400;;;RAINFOREST_RESIN;SEASHELLS;10005.0;2
99400;;;SQUID_INK;SEASHELLS;1980.0;2
99800;;;KELP;SEASHELLS;2022.0;4
99800;;;SQUID_INK;SEASHELLS;1981.0;4
99900;;;KELP;SEASHELLS;2018.0;1
99900;;;SQUID_INK;SEASHELLS;1978.0;1
100000;;;KELP;SEASHELLS;2020.0;1
100000;;;RAINFOREST_RESIN;SEASHELLS;10004.0;1
100000;;;SQUID_INK;SEASHELLS;1981.0;1
100200;;;RAINFOREST_RESIN;SEASHELLS;9998.0;1
100500;;;RAINFOREST_RESIN;SEASHELLS;9995.0;8
100700;;;RAINFOREST_RESIN;SEASHELLS;10002.0;1
100900;;;KELP;SEASHELLS;2018.0;8
100900;;;SQUID_INK;SEASHELLS;1972.0;8
101200;;;KELP;SEASHELLS;2019.0;1
101200;;;KELP;SEASHELLS;2022.0;15
101200;;;KELP;SEASHELLS;2022.0;2
101200;;;RAINFOREST_RESIN;SEASHELLS;10005.0;2
101200;;;SQUID_INK;SEASHELLS;1969.0;1
101200;;;SQUID_INK;SEASHELLS;1973.0;15
101200;;;SQUID_INK;SEASHELLS;1973.0;2
101500;;;KELP;SEASHELLS;2019.0;1
101500;;;KELP;SEASHELLS;2022.0;2
101500;;;RAINFOREST_RESIN;SEASHELLS;9998.0;3
101500;;;RAINFOREST_RESIN;SEASHELLS;10004.0;2
101500;;;SQUID_INK;SEASHELLS;1966.0;1
101500;;;SQUID_INK;SEASHELLS;1969.0;2
101600;;;KELP;SEASHELLS;2019.0;5
101600;;;KELP;SEASHELLS;2019.0;1
101600;;;SQUID_INK;SEASHELLS;1967.0;5
101600;;;SQUID_INK;SEASHELLS;1967.0;1
102200;;;KELP;SEASHELLS;2021.0;1
102200;;;KELP;SEASHELLS;2021.0;2
102200;;;RAINFOREST_RESIN;SEASHELLS;10005.0;2
102200;;;SQUID_INK;SEASHELLS;1967.0;1
102200;;;SQUID_INK;SEASHELLS;1967.0;2
102300;;;RAINFOREST_RESIN;SEASHELLS;9998.0;4
102600;;;KELP;SEASHELLS;2019.0;2
102600;;;RAINFOREST_RESIN;SEASHELLS;9998.0;2
102600;;;RAINFOREST_RESIN;SEASHELLS;9998.0;1
102600;;;SQUID_INK;SEASHELLS;1968.0;2
102700;;;RAINFOREST_RESIN;SEASHELLS;10005.0;6
103400;;;RAINFOREST_RESIN;SEASHELLS;10002.0;1
103400;;;SQUID_INK;SEASHELLS;1966.0;1
104000;;;SQUID_INK;SEASHELLS;1967.0;1
104200;;;KELP;SEASHELLS;2019.0;1
104200;;;SQUID_INK;SEASHELLS;1965.0;1
104300;;;KELP;SEASHELLS;2019.0;1
104300;;;SQUID_INK;SEASHELLS;1967.0;1
104700;;;RAINFOREST_RESIN;SEASHELLS;10002.0;1
104900;;;KELP;SEASHELLS;2021.0;1
104900;;;RAINFOREST_RESIN;SEASHELLS;10004.0;1
104900;;;SQUID_INK;SEASHELLS;1972.0;1
105200;;;KELP;SEASHELLS;2018.0;1
105200;;;SQUID_INK;SEASHELLS;1971.0;1
105400;;;RAINFOREST_RESIN;SEASHELLS;10002.0;1
105700;;;KELP;SEASHELLS;2020.0;1
105700;;;SQUID_INK;SEASHELLS;1973.0;1
106000;;;KELP;SEASHELLS;2018.0;4
106000;;;SQUID_INK;SEASHELLS;1973.0;4
106100;;;RAINFOREST_RESIN;SEASHELLS;9996.0;2
106100;;;RAINFOREST_RESIN;SEASHELLS;9996.0;5
106200;;;KELP;SEASHELLS;2021.0;13
106200;;;SQUID_INK;SEASHELLS;1976.0;13
106300;;;KELP;SEASHELLS;2018.0;1
106300;;;KELP;SEASHELLS;2018.0;4
106300;;;KELP;SEASHELLS;2018.0;4
106300;;;RAINFOREST_RESIN;SEASHELLS;9998.0;1
106300;;;SQUID_INK;SEASHELLS;1972.0;1
106300;;;SQUID_INK;SEASHELLS;1972.0;4
106300;;;SQUID_INK;SEASHELLS;1972.0;4
106500;;;RAINFOREST_RESIN;SEASHELLS;10005.0;10
106600;;;RAINFOREST_RESIN;SEASHELLS;9998.0;2
107000;;;SQUID_INK;SEASHELLS;1972.0;2
107400;;;KELP;SEASHELLS;2019.0;1
107400;;;RAINFOREST_RESIN;SEASHELLS;9995.0;1
107400;;;SQUID_INK;SEASHELLS;1972.0;1
107600;;;KELP;SEASHELLS;2020.0;1
107600;;;SQUID_INK;SEASHELLS;1974.0;1
108100;;;RAINFOREST_RESIN;SEASHELLS;9998.0;1
108400;;;KELP;SEASHELLS;2019.0;1
108400;;;SQUID_INK;SEASHELLS;1974.0;1
108500;;;KELP;SEASHELLS;2017.0;1
108500;;;SQUID_INK;SEASHELLS;1971.0;1
108600;;;RAINFOREST_RESIN;SEASHELLS;9998.0;3
108600;;;RAINFOREST_RESIN;SEASHELLS;9998.0;1
109000;;;KELP;SEASHELLS;2017.0;1
109000;;;SQUID_INK;SEASHELLS;1972.0;1
109100;;;KELP;SEASHELLS;2017.0;1
109100;;;SQUID_INK;SEASHELLS;1971.0;1
109300;;;KELP;SEASHELLS;2017.0;1
109300;;;KELP;SEASHELLS;2020.0;11
109300;;;SQUID_INK;SEASHELLS;1971.0;1
109300;;;SQUID_INK;SEASHELLS;1974.0;11
109700;;;KELP;SEASHELLS;2018.0;1
109700;;;SQUID_INK;SEASHELLS;1973.0;1
110000;;;RAINFOREST_RESIN;SEASHELLS;9996.0;1
110100;;;KELP;SEASHELLS;2018.0;1
110100;;;SQUID_INK;SEASHELLS;1972.0;1
110400;;;KELP;SEASHELLS;2018.0;7
110400;;;RAINFOREST_RESIN;SEASHELLS;10005.0;10
110400;;;SQUID_INK;SEASHELLS;1973.0;7
111000;;;KELP;SEASHELLS;2021.0;1
111000;;;RAINFOREST_RESIN;SEASHELLS;9998.0;1
111000;;;SQUID_INK;SEASHELLS;1976.0;1
111100;;;KELP;SEASHELLS;2022.0;15
111100;;;RAINFOREST_RESIN;SEASHELLS;9998.0;4
111100;;;SQUID_INK;SEASHELLS;1977.0;15
111300;;;KELP;SEASHELLS;2019.0;1
111300;;;SQUID_INK;SEASHELLS;1975.0;1
111700;;;KELP;SEASHELLS;2019.0;1
111700;;;SQUID_INK;SEASHELLS;1975.0;1
112100;;;RAINFOREST_RESIN;SEASHELLS;9998.0;5
112200;;;SQUID_INK;SEASHELLS;1979.0;1
113000;;;RAINFOREST_RESIN;SEASHELLS;10002.0;6
113300;;;KELP;SEASHELLS;2018.0;5
113300;;;SQUID_INK;SEASHELLS;1978.0;5
113700;;;KELP;SEASHELLS;2018.0;1
113700;;;KELP;SEASHELLS;2018.0;6
113700;;;KELP;SEASHELLS;2018.0;6
113700;;;SQUID_INK;SEASHELLS;1977.0;1
113700;;;SQUID_INK;SEASHELLS;1977.0;6
113700;;;SQUID_INK;SEASHELLS;1977.0;6
113800;;;KELP;SEASHELLS;2021.0;13
113800;;;KELP;SEASHELLS;2017.0;2
113800;;;RAINFOREST_RESIN;SEASHELLS;10002.0;1
113800;;;SQUID_INK;SEASHELLS;1982.0;13
113800;;;SQUID_INK;SEASHELLS;1979.0;2
114100;;;KELP;SEASHELLS;2020.0;1
114400;;;RAINFOREST_RESIN;SEASHELLS;10002.0;2
114800;;;KELP;SEASHELLS;2021.0;15
114800;;;SQUID_INK;SEASHELLS;1984.0;15
115100;;;SQUID_INK;SEASHELLS;1981.0;1
115300;;;RAINFOREST_RESIN;SEASHELLS;9998.0;1
115700;;;KELP;SEASHELLS;2020.0;1
115700;;;SQUID_INK;SEASHELLS;1982.0;1
116000;;;KELP;SEASHELLS;2018.0;1
116000;;;KELP;SEASHELLS;2021.0;10
116000;;;SQUID_INK;SEASHELLS;1978.0;1
116000;;;SQUID_INK;SEASHELLS;1982.0;10
116200;;;KELP;SEASHELLS;2018.0;1
116200;;;RAINFOREST_RESIN;SEASHELLS;9995.0;1
116200;;;SQUID_INK;SEASHELLS;1977.0;1
116800;;;RAINFOREST_RESIN;SEASHELLS;10002.0;3
116900;;;RAINFOREST_RESIN;SEASHELLS;9996.0;1
116900;;;RAINFOREST_RESIN;SEASHELLS;9996.0;7
117500;;;KELP;SEASHELLS;2018.0;2
117500;;;SQUID_INK;SEASHELLS;1979.0;2
117700;;;KELP;SEASHELLS;2018.0;1
117700;;;SQUID_INK;SEASHELLS;1979.0;5
117900;;;SQUID_INK;SEASHELLS;1980.0;4
118100;;;RAINFOREST_RESIN;SEASHELLS;10002.0;1
118200;;;KELP;SEASHELLS;2017.0;1
118200;;;SQUID_INK;SEASHELLS;1981.0;1
118300;;;KELP;SEASHELLS;2018.0;1
118300;;;SQUID_INK;SEASHELLS;1981.0;1
118500;;;SQUID_INK;SEASHELLS;1980.0;1
118700;;;KELP;SEASHELLS;2017.0;10
118700;;;SQUID_INK;SEASHELLS;1981.0;10
119100;;;KELP;SEASHELLS;2019.0;2
119300;;;RAINFOREST_RESIN;SEASHELLS;9998.0;1
119600;;;KELP;SEASHELLS;2017.0;1
119600;;;SQUID_INK;SEASHELLS;1981.0;1
119800;;;KELP;SEASHELLS;2019.0;1
119800;;;KELP;SEASHELLS;2018.0;1
119800;;;RAINFOREST_RESIN;SEASHELLS;10000.0;1
119800;;;SQUID_INK;SEASHELLS;1982.0;1
119800;;;SQUID_INK;SEASHELLS;1981.0;1
119900;;;KELP;SEASHELLS;2017.0;1
119900;;;SQUID_INK;SEASHELLS;1980.0;1
120000;;;RAINFOREST_RESIN;SEASHELLS;10002.0;1
120300;;;KELP;SEASHELLS;2015.0;2
120300;;;RAINFOREST_RESIN;SEASHELLS;9996.0;2
120300;;;SQUID_INK;SEASHELLS;1979.0;2
120400;;;KELP;SEASHELLS;2015.0;2
120400;;;SQUID_INK;SEASHELLS;1980.0;2
120500;;;KELP;SEASHELLS;2015.0;3
120500;;;KELP;SEASHELLS;2015.0;5
120500;;;KELP;SEASHELLS;2015.0;1
120500;;;KELP;SEASHELLS;2015.0;4
120500;;;RAINFOREST_RESIN;SEASHELLS;10002.0;1
120500;;;SQUID_INK;SEASHELLS;1980.0;3
120500;;;SQUID_INK;SEASHELLS;1980.0;5
120500;;;SQUID_INK;SEASHELLS;1980.0;1
120500;;;SQUID_INK;SEASHELLS;1980.0;4
120600;;;KELP;SEASHELLS;2014.0;1
120600;;;SQUID_INK;SEASHELLS;1980.0;1
121100;;;KELP;SEASHELLS;2013.0;1
121100;;;SQUID_INK;SEASHELLS;1980.0;1
121500;;;KELP;SEASHELLS;2015.0;1
121500;;;RAINFOREST_RESIN;SEASHELLS;10002.0;1
121500;;;SQUID_INK;SEASHELLS;1978.0;1
121800;;;RAINFOREST_RESIN;SEASHELLS;10002.0;1
121900;;;KELP;SEASHELLS;2015.0;1
121900;;;SQUID_INK;SEASHELLS;1979.0;1
122300;;;KELP;SEASHELLS;2013.0;3
122300;;;KELP;SEASHELLS;2013.0;2
122300;;;SQUID_INK;SEASHELLS;1978.0;3
122300;;;SQUID_INK;SEASHELLS;1978.0;2
122600;;;KELP;SEASHELLS;2013.0;1
122600;;;SQUID_INK;SEASHELLS;1980.0;1
122800;;;KELP;SEASHELLS;2013.0;6
122800;;;SQUID_INK;SEASHELLS;1978.0;6
122900;;;KELP;SEASHELLS;2013.0;1
122900;;;SQUID_INK;SEASHELLS;1978.0;1
123000;;;KELP;SEASHELLS;2010.0;1
123000;;;RAINFOREST_RESIN;SEASHELLS;9998.0;1
123000;;;SQUID_INK;SEASHELLS;1976.0;1
123200;;;KELP;SEASHELLS;2012.0;4
123200;;;KELP;SEASHELLS;2014.0;1
123200;;;SQUID_INK;SEASHELLS;1977.0;4
123500;;;KELP;SEASHELLS;2013.0;15
123600;;;KELP;SEASHELLS;2010.0;7
123600;;;SQUID_INK;SEASHELLS;1975.0;7
123700;;;RAINFOREST_RESIN;SEASHELLS;10002.0;6
123800;;;KELP;SEASHELLS;2013.0;1
123800;;;RAINFOREST_RESIN;SEASHELLS;9998.0;1
123800;;;SQUID_INK;SEASHELLS;1977.0;1
124000;;;KELP;SEASHELLS;2014.0;2
124000;;;RAINFOREST_RESIN;SEASHELLS;10005.0;2
124000;;;SQUID_INK;SEASHELLS;1978.0;2
124100;;;SQUID_INK;SEASHELLS;1975.0;3
124500;;;KELP;SEASHELLS;2011.0;3
124500;;;SQUID_INK;SEASHELLS;1974.0;3
124600;;;KELP;SEASHELLS;2013.0;1
124600;;;SQUID_INK;SEASHELLS;1974.0;1
125200;;;RAINFOREST_RESIN;SEASHELLS;10002.0;4
125300;;;KELP;SEASHELLS;2012.0;1
125300;;;SQUID_INK;SEASHELLS;1972.0;1
125400;;;RAINFOREST_RESIN;SEASHELLS;9998.0;1
125400;;;RAINFOREST_RESIN;SEASHELLS;9998.0;1
125900;;;KELP;SEASHELLS;2014.0;6
125900;;;SQUID_INK;SEASHELLS;1972.0;6
126300;;;KELP;SEASHELLS;2013.0;2
126300;;;RAINFOREST_RESIN;SEASHELLS;9995.0;2
126300;;;SQUID_INK;SEASHELLS;1969.0;2
126400;;;KELP;SEASHELLS;2013.0;1
126400;;;KELP;SEASHELLS;2013.0;2
126400;;;RAINFOREST_RESIN;SEASHELLS;9995.0;2
126400;;;SQUID_INK;SEASHELLS;1970.0;1
126400;;;SQUID_INK;SEASHELLS;1970.0;2
126700;;;RAINFOREST_RESIN;SEASHELLS;10002.0;2
127000;;;KELP;SEASHELLS;2014.0;2
127000;;;RAINFOREST_RESIN;SEASHELLS;9995.0;2
127000;;;SQUID_INK;SEASHELLS;1969.0;2
127400;;;KELP;SEASHELLS;2016.0;2
127400;;;RAINFOREST_RESIN;SEASHELLS;10005.0;2
127400;;;SQUID_INK;SEASHELLS;1971.0;2
127500;;;KELP;SEASHELLS;2014.0;1
127500;;;SQUID_INK;SEASHELLS;1969.0;1
127900;;;RAINFOREST_RESIN;SEASHELLS;10004.0;2
127900;;;RAINFOREST_RESIN;SEASHELLS;10004.0;7
128200;;;RAINFOREST_RESIN;SEASHELLS;10002.0;1
128400;;;KELP;SEASHELLS;2013.0;1
128400;;;KELP;SEASHELLS;2014.0;2
128400;;;RAINFOREST_RESIN;SEASHELLS;9996.0;1
128400;;;SQUID_INK;SEASHELLS;1970.0;1
128400;;;SQUID_INK;SEASHELLS;1971.0;2
128700;;;RAINFOREST_RESIN;SEASHELLS;10005.0;6
128900;;;KELP;SEASHELLS;2015.0;1
128900;;;RAINFOREST_RESIN;SEASHELLS;10002.0;2
128900;;;SQUID_INK;SEASHELLS;1972.0;1
129600;;;KELP;SEASHELLS;2014.0;1
129600;;;SQUID_INK;SEASHELLS;1970.0;1
129700;;;KELP;SEASHELLS;2015.0;3
129700;;;SQUID_INK;SEASHELLS;1970.0;3
130300;;;RAINFOREST_RESIN;SEASHELLS;10002.0;1
130400;;;SQUID_INK;SEASHELLS;1971.0;1
130700;;;KELP;SEASHELLS;2016.0;1
130700;;;SQUID_INK;SEASHELLS;1973.0;1
130900;;;KELP;SEASHELLS;2014.0;2
131000;;;KELP;SEASHELLS;2016.0;1
131000;;;SQUID_INK;SEASHELLS;1971.0;1
131700;;;KELP;SEASHELLS;2013.0;9
131700;;;SQUID_INK;SEASHELLS;1972.0;9
131800;;;KELP;SEASHELLS;2014.0;4
131800;;;KELP;SEASHELLS;2014.0;1
131800;;;KELP;SEASHELLS;2014.0;12
131800;;;SQUID_INK;SEASHELLS;1972.0;1
131800;;;SQUID_INK;SEASHELLS;1972.0;12
131800;;;SQUID_INK;SEASHELLS;1973.0;4
132100;;;RAINFOREST_RESIN;SEASHELLS;9998.0;1
132100;;;RAINFOREST_RESIN;SEASHELLS;9998.0;3
132300;;;RAINFOREST_RESIN;SEASHELLS;10002.0;4
132400;;;KELP;SEASHELLS;2016.0;1
132400;;;RAINFOREST_RESIN;SEASHELLS;10004.0;1
132400;;;SQUID_INK;SEASHELLS;1972.0;1
132500;;;KELP;SEASHELLS;2013.0;14
132500;;;KELP;SEASHELLS;2013.0;1
132500;;;RAINFOREST_RESIN;SEASHELLS;9998.0;1
132500;;;SQUID_INK;SEASHELLS;1970.0;14
132500;;;SQUID_INK;SEASHELLS;1970.0;1
133000;;;KELP;SEASHELLS;2013.0;13
133000;;;SQUID_INK;SEASHELLS;1969.0;13
133100;;;RAINFOREST_RESIN;SEASHELLS;10004.0;1
133100;;;RAINFOREST_RESIN;SEASHELLS;10004.0;4
133100;;;RAINFOREST_RESIN;SEASHELLS;10002.0;5
133200;;;RAINFOREST_RESIN;SEASHELLS;9996.0;1
133400;;;KELP;SEASHELLS;2013.0;1
133400;;;RAINFOREST_RESIN;SEASHELLS;9998.0;2
133400;;;SQUID_INK;SEASHELLS;1969.0;1
133500;;;KELP;SEASHELLS;2015.0;1
133500;;;SQUID_INK;SEASHELLS;1971.0;1
133700;;;KELP;SEASHELLS;2013.0;1
133700;;;SQUID_INK;SEASHELLS;1969.0;1
134000;;;KELP;SEASHELLS;2015.0;1
134000;;;KELP;SEASHELLS;2014.0;2
134000;;;SQUID_INK;SEASHELLS;1971.0;1
134000;;;SQUID_INK;SEASHELLS;1970.0;2
134100;;;RAINFOREST_RESIN;SEASHELLS;9998.0;2
134200;;;RAINFOREST_RESIN;SEASHELLS;10002.0;1
134300;;;RAINFOREST_RESIN;SEASHELLS;10002.0;1
134600;;;RAINFOREST_RESIN;SEASHELLS;10004.0;1
134600;;;RAINFOREST_RESIN;SEASHELLS;10004.0;1
134700;;;RAINFOREST_RESIN;SEASHELLS;10004.0;1
134700;;;RAINFOREST_RESIN;SEASHELLS;10004.0;1
134700;;;RAINFOREST_RESIN;SEASHELLS;10002.0;4
134900;;;RAINFOREST_RESIN;SEASHELLS;9998.0;1
134900;;;RAINFOREST_RESIN;SEASHELLS;9998.0;1
135400;;;KELP;SEASHELLS;2013.0;9
135400;;;SQUID_INK;SEASHELLS;1965.0;9
135500;;;KELP;SEASHELLS;2015.0;1
135500;;;SQUID_INK;SEASHELLS;1967.0;1
135600;;;RAINFOREST_RESIN;SEASHELLS;10002.0;1
135800;;;SQUID_INK;SEASHELLS;1965.0;3
135900;;;KELP;SEASHELLS;2017.0;2
135900;;;RAINFOREST_RESIN;SEASHELLS;10005.0;2
135900;;;SQUID_INK;SEASHELLS;1968.0;2
136000;;;RAINFOREST_RESIN;SEASHELLS;9998.0;1
136300;;;RAINFOREST_RESIN;SEASHELLS;10002.0;1
136500;;;KELP;SEASHELLS;2014.0;1
136500;;;KELP;SEASHELLS;2014.0;1
136500;;;RAINFOREST_RESIN;SEASHELLS;10004.0;2
136500;;;SQUID_INK;SEASHELLS;1965.0;1
136500;;;SQUID_INK;SEASHELLS;1965.0;1
136500;;;SQUID_INK;SEASHELLS;1968.0;2
137000;;;RAINFOREST_RESIN;SEASHELLS;9996.0;1
137100;;;RAINFOREST_RESIN;SEASHELLS;10002.0;3
137400;;;RAINFOREST_RESIN;SEASHELLS;10002.0;3
137600;;;KELP;SEASHELLS;2015.0;1
137600;;;SQUID_INK;SEASHELLS;1967.0;1
137700;;;KELP;SEASHELLS;2014.0;3
137700;;;RAINFOREST_RESIN;SEASHELLS;9998.0;2
137700;;;SQUID_INK;SEASHELLS;1965.0;3
137900;;;KELP;SEASHELLS;2016.0;1
137900;;;RAINFOREST_RESIN;SEASHELLS;10004.0;1
137900;;;SQUID_INK;SEASHELLS;1968.0;1
138100;;;RAINFOREST_RESIN;SEASHELLS;9996.0;2
138100;;;RAINFOREST_RESIN;SEASHELLS;9996.0;7
138300;;;RAINFOREST_RESIN;SEASHELLS;9995.0;7
138500;;;KELP;SEASHELLS;2013.0;1
138500;;;KELP;SEASHELLS;2016.0;13
138500;;;SQUID_INK;SEASHELLS;1965.0;1
138500;;;SQUID_INK;SEASHELLS;1968.0;2
138500;;;SQUID_INK;SEASHELLS;1968.0;11
138600;;;KELP;SEASHELLS;2013.0;1
138600;;;KELP;SEASHELLS;2014.0;2
138600;;;SQUID_INK;SEASHELLS;1966.0;1
138600;;;SQUID_INK;SEASHELLS;1967.0;2
138900;;;KELP;SEASHELLS;2013.0;10
138900;;;SQUID_INK;SEASHELLS;1963.0;10
139000;;;KELP;SEASHELLS;2013.0;1
139000;;;SQUID_INK;SEASHELLS;1961.0;1
139400;;;KELP;SEASHELLS;2014.0;1
139400;;;KELP;SEASHELLS;2017.0;2
139400;;;RAINFOREST_RESIN;SEASHELLS;10004.0;1
139400;;;RAINFOREST_RESIN;SEASHELLS;10004.0;1
139400;;;RAINFOREST_RESIN;SEASHELLS;10002.0;5
139400;;;SQUID_INK;SEASHELLS;1961.0;1
139400;;;SQUID_INK;SEASHELLS;1964.0;2
139600;;;RAINFOREST_RESIN;SEASHELLS;9998.0;1
139700;;;KELP;SEASHELLS;2014.0;4
139700;;;KELP;SEASHELLS;2014.0;1
139700;;;SQUID_INK;SEASHELLS;1960.0;1
139700;;;SQUID_INK;SEASHELLS;1961.0;4
140100;;;KELP;SEASHELLS;2013.0;1
140100;;;SQUID_INK;SEASHELLS;1958.0;1
140600;;;KELP;SEASHELLS;2012.0;1
140600;;;SQUID_INK;SEASHELLS;1959.0;1
141600;;;RAINFOREST_RESIN;SEASHELLS;10002.0;1
142300;;;SQUID_INK;SEASHELLS;1962.0;1
142600;;;KELP;SEASHELLS;2013.0;1
142600;;;SQUID_INK;SEASHELLS;1959.0;1
142800;;;RAINFOREST_RESIN;SEASHELLS;9998.0;2
143100;;;KELP;SEASHELLS;2014.0;1
143100;;;RAINFOREST_RESIN;SEASHELLS;10002.0;1
143100;;;SQUID_INK;SEASHELLS;1961.0;1
143600;;;KELP;SEASHELLS;2013.0;1
143600;;;RAINFOREST_RESIN;SEASHELLS;9995.0;1
143600;;;SQUID_INK;SEASHELLS;1960.0;1
144000;;;KELP;SEASHELLS;2016.0;1
144000;;;SQUID_INK;SEASHELLS;1962.0;1
144200;;;KELP;SEASHELLS;2015.0;1
144200;;;SQUID_INK;SEASHELLS;1961.0;1
144600;;;RAINFOREST_RESIN;SEASHELLS;10002.0;2
145000;;;KELP;SEASHELLS;2012.0;1
145000;;;RAINFOREST_RESIN;SEASHELLS;9998.0;1
145000;;;SQUID_INK;SEASHELLS;1959.0;1
145100;;;SQUID_INK;SEASHELLS;1960.0;10
145300;;;RAINFOREST_RESIN;SEASHELLS;9998.0;3
145400;;;KELP;SEASHELLS;2012.0;1
145400;;;RAINFOREST_RESIN;SEASHELLS;9998.0;1
145400;;;SQUID_INK;SEASHELLS;1961.0;1
145500;;;KELP;SEASHELLS;2015.0;1
145500;;;RAINFOREST_RESIN;SEASHELLS;10002.0;1
145500;;;SQUID_INK;SEASHELLS;1962.0;1
145600;;;SQUID_INK;SEASHELLS;1961.0;1
145700;;;RAINFOREST_RESIN;SEASHELLS;10004.0;2
145700;;;RAINFOREST_RESIN;SEASHELLS;10004.0;8
146000;;;KELP;SEASHELLS;2012.0;6
146000;;;SQUID_INK;SEASHELLS;1962.0;6
146300;;;KELP;SEASHELLS;2012.0;15
146300;;;RAINFOREST_RESIN;SEASHELLS;9998.0;1
146300;;;SQUID_INK;SEASHELLS;1961.0;15
146400;;;KELP;SEASHELLS;2012.0;9
146400;;;SQUID_INK;SEASHELLS;1962.0;9
146500;;;KELP;SEASHELLS;2014.0;1
146500;;;RAINFOREST_RESIN;SEASHELLS;10005.0;1
146500;;;SQUID_INK;SEASHELLS;1964.0;1
146600;;;RAINFOREST_RESIN;SEASHELLS;10000.0;4
146900;;;KELP;SEASHELLS;2013.0;1
147200;;;KELP;SEASHELLS;2016.0;14
147200;;;SQUID_INK;SEASHELLS;1965.0;14
147600;;;KELP;SEASHELLS;2012.0;1
147600;;;SQUID_INK;SEASHELLS;1955.0;1
147700;;;RAINFOREST_RESIN;SEASHELLS;10002.0;1
147800;;;KELP;SEASHELLS;2014.0;1
147800;;;SQUID_INK;SEASHELLS;1957.0;1
148000;;;KELP;SEASHELLS;2015.0;9
148000;;;SQUID_INK;SEASHELLS;1961.0;9
148200;;;KELP;SEASHELLS;2013.0;1
148200;;;SQUID_INK;SEASHELLS;1961.0;1
148700;;;KELP;SEASHELLS;2013.0;1
148700;;;KELP;SEASHELLS;2016.0;2
148700;;;RAINFOREST_RESIN;SEASHELLS;10005.0;2
148700;;;SQUID_INK;SEASHELLS;1958.0;1
148700;;;SQUID_INK;SEASHELLS;1962.0;2
149500;;;KELP;SEASHELLS;2015.0;1
149500;;;SQUID_INK;SEASHELLS;1963.0;1
149700;;;KELP;SEASHELLS;2016.0;5
149700;;;SQUID_INK;SEASHELLS;1965.0;5
149800;;;KELP;SEASHELLS;2015.0;1
149800;;;RAINFOREST_RESIN;SEASHELLS;10002.0;2
149800;;;RAINFOREST_RESIN;SEASHELLS;10002.0;3
149800;;;SQUID_INK;SEASHELLS;1964.0;1
149900;;;KELP;SEASHELLS;2013.0;5
149900;;;SQUID_INK;SEASHELLS;1963.0;5
150000;;;RAINFOREST_RESIN;SEASHELLS;9996.0;1
150200;;;RAINFOREST_RESIN;SEASHELLS;9998.0;1
150400;;;KELP;SEASHELLS;2013.0;1
150400;;;SQUID_INK;SEASHELLS;1963.0;1
150500;;;RAINFOREST_RESIN;SEASHELLS;10002.0;1
150600;;;KELP;SEASHELLS;2013.0;1
150600;;;SQUID_INK;SEASHELLS;1964.0;1
151500;;;KELP;SEASHELLS;2014.0;1
151500;;;SQUID_INK;SEASHELLS;1966.0;1
151600;;;RAINFOREST_RESIN;SEASHELLS;10002.0;3
151600;;;SQUID_INK;SEASHELLS;1968.0;1
151600;;;SQUID_INK;SEASHELLS;1968.0;8
152200;;;KELP;SEASHELLS;2014.0;5
152300;;;KELP;SEASHELLS;2017.0;9
152300;;;KELP;SEASHELLS;2017.0;2
152300;;;RAINFOREST_RESIN;SEASHELLS;10004.0;2
152300;;;SQUID_INK;SEASHELLS;1968.0;9
152300;;;SQUID_INK;SEASHELLS;1968.0;2
152600;;;KELP;SEASHELLS;2013.0;1
152600;;;SQUID_INK;SEASHELLS;1966.0;1
153000;;;RAINFOREST_RESIN;SEASHELLS;9995.0;3
153300;;;KELP;SEASHELLS;2017.0;14
153300;;;SQUID_INK;SEASHELLS;1968.0;14
153500;;;KELP;SEASHELLS;2017.0;1
153500;;;RAINFOREST_RESIN;SEASHELLS;9998.0;1
153500;;;SQUID_INK;SEASHELLS;1967.0;1
153500;;;SQUID_INK;SEASHELLS;1966.0;2
153600;;;KELP;SEASHELLS;2017.0;14
153600;;;SQUID_INK;SEASHELLS;1968.0;14
154300;;;KELP;SEASHELLS;2015.0;6
154300;;;KELP;SEASHELLS;2015.0;2
154300;;;RAINFOREST_RESIN;SEASHELLS;9996.0;1
154300;;;SQUID_INK;SEASHELLS;1964.0;6
154300;;;SQUID_INK;SEASHELLS;1964.0;2
154700;;;KELP;SEASHELLS;2019.0;11
154700;;;SQUID_INK;SEASHELLS;1968.0;11
154800;;;RAINFOREST_RESIN;SEASHELLS;10002.0;1
154900;;;KELP;SEASHELLS;2015.0;15
154900;;;SQUID_INK;SEASHELLS;1964.0;15
155100;;;KELP;SEASHELLS;2015.0;1
155100;;;SQUID_INK;SEASHELLS;1967.0;1
155200;;;RAINFOREST_RESIN;SEASHELLS;10002.0;1
155500;;;RAINFOREST_RESIN;SEASHELLS;9998.0;1
155700;;;KELP;SEASHELLS;2016.0;1
155700;;;RAINFOREST_RESIN;SEASHELLS;10005.0;1
155700;;;SQUID_INK;SEASHELLS;1968.0;1
156200;;;KELP;SEASHELLS;2014.0;7
156200;;;SQUID_INK;SEASHELLS;1963.0;7
156500;;;RAINFOREST_RESIN;SEASHELLS;10002.0;3
156600;;;KELP;SEASHELLS;2015.0;1
156600;;;KELP;SEASHELLS;2015.0;2
156600;;;RAINFOREST_RESIN;SEASHELLS;9996.0;1
156600;;;RAINFOREST_RESIN;SEASHELLS;9996.0;1
156600;;;SQUID_INK;SEASHELLS;1962.0;1
156600;;;SQUID_INK;SEASHELLS;1962.0;2
156900;;;KELP;SEASHELLS;2015.0;1
156900;;;SQUID_INK;SEASHELLS;1961.0;1
157000;;;KELP;SEASHELLS;2015.0;1
157000;;;SQUID_INK;SEASHELLS;1961.0;1
157300;;;KELP;SEASHELLS;2015.0;4
157300;;;SQUID_INK;SEASHELLS;1961.0;4
157400;;;KELP;SEASHELLS;2014.0;9
157400;;;RAINFOREST_RESIN;SEASHELLS;10002.0;10
157400;;;SQUID_INK;SEASHELLS;1959.0;9
157500;;;KELP;SEASHELLS;2014.0;1
157500;;;SQUID_INK;SEASHELLS;1959.0;1
157600;;;SQUID_INK;SEASHELLS;1959.0;3
157700;;;KELP;SEASHELLS;2016.0;1
157700;;;SQUID_INK;SEASHELLS;1961.0;1
158100;;;KELP;SEASHELLS;2014.0;1
158100;;;SQUID_INK;SEASHELLS;1960.0;1
158200;;;RAINFOREST_RESIN;SEASHELLS;10002.0;1
158300;;;RAINFOREST_RESIN;SEASHELLS;9998.0;7
158800;;;KELP;SEASHELLS;2016.0;1
158800;;;SQUID_INK;SEASHELLS;1964.0;1
159200;;;RAINFOREST_RESIN;SEASHELLS;9995.0;9
159300;;;KELP;SEASHELLS;2014.0;1
159300;;;SQUID_INK;SEASHELLS;1964.0;1
160000;;;KELP;SEASHELLS;2018.0;2
160000;;;RAINFOREST_RESIN;SEASHELLS;10004.0;2
160000;;;SQUID_INK;SEASHELLS;1966.0;2
160300;;;RAINFOREST_RESIN;SEASHELLS;9998.0;1
160400;;;KELP;SEASHELLS;2017.0;1
160400;;;RAINFOREST_RESIN;SEASHELLS;9998.0;1
160400;;;SQUID_INK;SEASHELLS;1963.0;1
160500;;;KELP;SEASHELLS;2018.0;13
160500;;;SQUID_INK;SEASHELLS;1963.0;2
160600;;;RAINFOREST_RESIN;SEASHELLS;10002.0;1
161000;;;KELP;SEASHELLS;2015.0;8
161000;;;SQUID_INK;SEASHELLS;1963.0;8
161600;;;RAINFOREST_RESIN;SEASHELLS;9998.0;1
162400;;;KELP;SEASHELLS;2015.0;4
162400;;;SQUID_INK;SEASHELLS;1964.0;4
162600;;;KELP;SEASHELLS;2018.0;1
162600;;;SQUID_INK;SEASHELLS;1964.0;1
162900;;;RAINFOREST_RESIN;SEASHELLS;9995.0;4
163500;;;KELP;SEASHELLS;2016.0;2
163500;;;KELP;SEASHELLS;2016.0;2
163500;;;RAINFOREST_RESIN;SEASHELLS;10002.0;3
163800;;;KELP;SEASHELLS;2015.0;1
163800;;;KELP;SEASHELLS;2018.0;13
163800;;;SQUID_INK;SEASHELLS;1966.0;1
163800;;;SQUID_INK;SEASHELLS;1969.0;13
163900;;;KELP;SEASHELLS;2015.0;2
163900;;;RAINFOREST_RESIN;SEASHELLS;9996.0;1
163900;;;SQUID_INK;SEASHELLS;1965.0;2
164600;;;KELP;SEASHELLS;2018.0;1
164600;;;SQUID_INK;SEASHELLS;1967.0;1
164800;;;RAINFOREST_RESIN;SEASHELLS;10004.0;2
164800;;;RAINFOREST_RESIN;SEASHELLS;10004.0;6
165100;;;KELP;SEASHELLS;2018.0;1
165100;;;SQUID_INK;SEASHELLS;1971.0;1
165200;;;KELP;SEASHELLS;2017.0;6
166000;;;KELP;SEASHELLS;2019.0;1
166000;;;SQUID_INK;SEASHELLS;1966.0;1
166400;;;RAINFOREST_RESIN;SEASHELLS;9998.0;1
167000;;;KELP;SEASHELLS;2017.0;5
167000;;;SQUID_INK;SEASHELLS;1963.0;5
167100;;;RAINFOREST_RESIN;SEASHELLS;9996.0;1
167300;;;KELP;SEASHELLS;2016.0;11
167300;;;SQUID_INK;SEASHELLS;1964.0;11
167800;;;KELP;SEASHELLS;2019.0;1
167800;;;RAINFOREST_RESIN;SEASHELLS;9998.0;1
167800;;;SQUID_INK;SEASHELLS;1968.0;1
167900;;;RAINFOREST_RESIN;SEASHELLS;9998.0;1
168000;;;RAINFOREST_RESIN;SEASHELLS;10005.0;8
169000;;;KELP;SEASHELLS;2019.0;3
169000;;;SQUID_INK;SEASHELLS;1973.0;3
169900;;;KELP;SEASHELLS;2017.0;1
169900;;;SQUID_INK;SEASHELLS;1970.0;1
170200;;;KELP;SEASHELLS;2017.0;1
170200;;;RAINFOREST_RESIN;SEASHELLS;10002.0;3
170200;;;SQUID_INK;SEASHELLS;1969.0;1
171000;;;KELP;SEASHELLS;2019.0;3
171000;;;SQUID_INK;SEASHELLS;1965.0;3
171100;;;RAINFOREST_RESIN;SEASHELLS;10002.0;1
171400;;;RAINFOREST_RESIN;SEASHELLS;10002.0;5
171600;;;KELP;SEASHELLS;2018.0;4
171600;;;SQUID_INK;SEASHELLS;1966.0;4
171900;;;KELP;SEASHELLS;2017.0;1
171900;;;RAINFOREST_RESIN;SEASHELLS;10002.0;1
171900;;;SQUID_INK;SEASHELLS;1969.0;1
172100;;;RAINFOREST_RESIN;SEASHELLS;10002.0;1
172600;;;KELP;SEASHELLS;2017.0;2
172600;;;RAINFOREST_RESIN;SEASHELLS;9996.0;1
172600;;;SQUID_INK;SEASHELLS;1969.0;2
172700;;;RAINFOREST_RESIN;SEASHELLS;9998.0;3
173200;;;SQUID_INK;SEASHELLS;1972.0;1
173300;;;KELP;SEASHELLS;2017.0;2
173400;;;KELP;SEASHELLS;2017.0;2
173400;;;RAINFOREST_RESIN;SEASHELLS;10002.0;1
173400;;;RAINFOREST_RESIN;SEASHELLS;9996.0;1
173400;;;SQUID_INK;SEASHELLS;1972.0;2
173500;;;RAINFOREST_RESIN;SEASHELLS;9998.0;3
173800;;;KELP;SEASHELLS;2020.0;1
173800;;;SQUID_INK;SEASHELLS;1975.0;8
173900;;;RAINFOREST_RESIN;SEASHELLS;10005.0;9
174000;;;KELP;SEASHELLS;2017.0;1
174000;;;RAINFOREST_RESIN;SEASHELLS;9998.0;1
174000;;;SQUID_INK;SEASHELLS;1972.0;1
174300;;;RAINFOREST_RESIN;SEASHELLS;10002.0;1
174400;;;KELP;SEASHELLS;2017.0;1
174400;;;SQUID_INK;SEASHELLS;1970.0;1
175800;;;KELP;SEASHELLS;2020.0;1
175800;;;RAINFOREST_RESIN;SEASHELLS;10004.0;1
175800;;;SQUID_INK;SEASHELLS;1973.0;1
176000;;;KELP;SEASHELLS;2017.0;1
176000;;;KELP;SEASHELLS;2017.0;1
176000;;;RAINFOREST_RESIN;SEASHELLS;10002.0;1
176000;;;SQUID_INK;SEASHELLS;1971.0;1
176000;;;SQUID_INK;SEASHELLS;1971.0;1
176100;;;KELP;SEASHELLS;2021.0;2
176100;;;RAINFOREST_RESIN;SEASHELLS;10004.0;1
176100;;;RAINFOREST_RESIN;SEASHELLS;10004.0;1
176100;;;SQUID_INK;SEASHELLS;1974.0;2
176600;;;KELP;SEASHELLS;2018.0;1
176600;;;SQUID_INK;SEASHELLS;1971.0;1
176900;;;KELP;SEASHELLS;2018.0;5
176900;;;SQUID_INK;SEASHELLS;1968.0;5
177400;;;KELP;SEASHELLS;2018.0;1
177400;;;SQUID_INK;SEASHELLS;1969.0;1
177600;;;RAINFOREST_RESIN;SEASHELLS;9998.0;1
177700;;;KELP;SEASHELLS;2018.0;1
177700;;;RAINFOREST_RESIN;SEASHELLS;9996.0;1
177700;;;SQUID_INK;SEASHELLS;1970.0;1
177900;;;KELP;SEASHELLS;2018.0;14
177900;;;SQUID_INK;SEASHELLS;1969.0;14
178000;;;RAINFOREST_RESIN;SEASHELLS;9998.0;1
178700;;;KELP;SEASHELLS;2018.0;1
178700;;;SQUID_INK;SEASHELLS;1971.0;1
178800;;;KELP;SEASHELLS;2021.0;5
178800;;;SQUID_INK;SEASHELLS;1973.0;5
178900;;;KELP;SEASHELLS;2018.0;1
178900;;;SQUID_INK;SEASHELLS;1969.0;1
179000;;;KELP;SEASHELLS;2021.0;2
179000;;;RAINFOREST_RESIN;SEASHELLS;10004.0;1
179000;;;SQUID_INK;SEASHELLS;1974.0;2
179100;;;KELP;SEASHELLS;2018.0;1
179100;;;SQUID_INK;SEASHELLS;1971.0;1
179300;;;RAINFOREST_RESIN;SEASHELLS;9998.0;2
179600;;;RAINFOREST_RESIN;SEASHELLS;9998.0;4
179800;;;RAINFOREST_RESIN;SEASHELLS;9995.0;8
179900;;;RAINFOREST_RESIN;SEASHELLS;9996.0;2
180000;;;KELP;SEASHELLS;2020.0;11
180000;;;SQUID_INK;SEASHELLS;1972.0;11
180100;;;RAINFOREST_RESIN;SEASHELLS;9998.0;3
180300;;;RAINFOREST_RESIN;SEASHELLS;9998.0;4
180500;;;KELP;SEASHELLS;2020.0;6
180500;;;RAINFOREST_RESIN;SEASHELLS;10002.0;3
180500;;;SQUID_INK;SEASHELLS;1971.0;6
180800;;;RAINFOREST_RESIN;SEASHELLS;10002.0;1
180900;;;KELP;SEASHELLS;2021.0;11
180900;;;RAINFOREST_RESIN;SEASHELLS;9998.0;1
180900;;;SQUID_INK;SEASHELLS;1973.0;1
181000;;;KELP;SEASHELLS;2020.0;1
181000;;;SQUID_INK;SEASHELLS;1971.0;1
181400;;;KELP;SEASHELLS;2021.0;2
181400;;;RAINFOREST_RESIN;SEASHELLS;10002.0;1
181400;;;SQUID_INK;SEASHELLS;1973.0;2
181500;;;KELP;SEASHELLS;2018.0;1
181500;;;KELP;SEASHELLS;2018.0;2
181500;;;RAINFOREST_RESIN;SEASHELLS;9998.0;2
181500;;;SQUID_INK;SEASHELLS;1969.0;1
181500;;;SQUID_INK;SEASHELLS;1969.0;2
181600;;;KELP;SEASHELLS;2018.0;2
181600;;;SQUID_INK;SEASHELLS;1969.0;2
181700;;;KELP;SEASHELLS;2021.0;14
181700;;;SQUID_INK;SEASHELLS;1972.0;14
181800;;;KELP;SEASHELLS;2018.0;1
181800;;;SQUID_INK;SEASHELLS;1968.0;1
181900;;;RAINFOREST_RESIN;SEASHELLS;10002.0;1
182000;;;RAINFOREST_RESIN;SEASHELLS;10002.0;1
182100;;;KELP;SEASHELLS;2018.0;2
182100;;;SQUID_INK;SEASHELLS;1969.0;2
182200;;;KELP;SEASHELLS;2020.0;1
182300;;;RAINFOREST_RESIN;SEASHELLS;9996.0;1
182500;;;RAINFOREST_RESIN;SEASHELLS;10002.0;4
183100;;;KELP;SEASHELLS;2022.0;1
183100;;;RAINFOREST_RESIN;SEASHELLS;10004.0;1
183100;;;SQUID_INK;SEASHELLS;1970.0;1
183200;;;KELP;SEASHELLS;2019.0;9
183200;;;SQUID_INK;SEASHELLS;1967.0;9
183500;;;KELP;SEASHELLS;2022.0;1
183500;;;SQUID_INK;SEASHELLS;1970.0;1
183700;;;KELP;SEASHELLS;2023.0;8
183700;;;SQUID_INK;SEASHELLS;1971.0;8
183900;;;RAINFOREST_RESIN;SEASHELLS;9995.0;6
184000;;;KELP;SEASHELLS;2019.0;13
184000;;;SQUID_INK;SEASHELLS;1968.0;13
184100;;;KELP;SEASHELLS;2022.0;1
184100;;;SQUID_INK;SEASHELLS;1969.0;1
184600;;;KELP;SEASHELLS;2020.0;1
184600;;;RAINFOREST_RESIN;SEASHELLS;9995.0;1
184600;;;SQUID_INK;SEASHELLS;1961.0;1
184800;;;RAINFOREST_RESIN;SEASHELLS;10002.0;3
184800;;;RAINFOREST_RESIN;SEASHELLS;10002.0;5
185200;;;KELP;SEASHELLS;2024.0;10
185200;;;SQUID_INK;SEASHELLS;1964.0;10
185400;;;KELP;SEASHELLS;2020.0;1
185400;;;RAINFOREST_RESIN;SEASHELLS;9996.0;1
185400;;;SQUID_INK;SEASHELLS;1961.0;1
185800;;;RAINFOREST_RESIN;SEASHELLS;9998.0;1
186100;;;KELP;SEASHELLS;2022.0;1
186100;;;KELP;SEASHELLS;2022.0;4
186100;;;SQUID_INK;SEASHELLS;1961.0;1
186100;;;SQUID_INK;SEASHELLS;1961.0;4
186300;;;KELP;SEASHELLS;2021.0;10
186300;;;RAINFOREST_RESIN;SEASHELLS;10004.0;1
186300;;;RAINFOREST_RESIN;SEASHELLS;10004.0;10
186300;;;SQUID_INK;SEASHELLS;1960.0;10
186400;;;KELP;SEASHELLS;2021.0;1
186400;;;SQUID_INK;SEASHELLS;1960.0;1
187000;;;KELP;SEASHELLS;2022.0;3
187000;;;SQUID_INK;SEASHELLS;1964.0;3
187300;;;KELP;SEASHELLS;2023.0;1
187300;;;SQUID_INK;SEASHELLS;1965.0;1
187400;;;KELP;SEASHELLS;2023.0;1
187400;;;SQUID_INK;SEASHELLS;1964.0;1
187700;;;KELP;SEASHELLS;2021.0;1
187700;;;KELP;SEASHELLS;2024.0;15
187700;;;SQUID_INK;SEASHELLS;1961.0;1
187700;;;SQUID_INK;SEASHELLS;1964.0;15
187700;;;SQUID_INK;SEASHELLS;1963.0;8
188000;;;RAINFOREST_RESIN;SEASHELLS;10002.0;1
188400;;;RAINFOREST_RESIN;SEASHELLS;9998.0;1
188500;;;RAINFOREST_RESIN;SEASHELLS;10002.0;1
189000;;;KELP;SEASHELLS;2020.0;1
189000;;;SQUID_INK;SEASHELLS;1954.0;1
189200;;;KELP;SEASHELLS;2021.0;3
189200;;;SQUID_INK;SEASHELLS;1951.0;3
189500;;;KELP;SEASHELLS;2024.0;2
189500;;;RAINFOREST_RESIN;SEASHELLS;9998.0;1
189500;;;RAINFOREST_RESIN;SEASHELLS;10005.0;2
189500;;;SQUID_INK;SEASHELLS;1952.0;2
189800;;;KELP;SEASHELLS;2023.0;2
189800;;;RAINFOREST_RESIN;SEASHELLS;10004.0;1
189800;;;RAINFOREST_RESIN;SEASHELLS;10004.0;1
189800;;;SQUID_INK;SEASHELLS;1953.0;2
189900;;;KELP;SEASHELLS;2022.0;1
189900;;;SQUID_INK;SEASHELLS;1952.0;1
190000;;;KELP;SEASHELLS;2020.0;9
190000;;;SQUID_INK;SEASHELLS;1951.0;9
190300;;;KELP;SEASHELLS;2023.0;1
190300;;;SQUID_INK;SEASHELLS;1954.0;1
190600;;;KELP;SEASHELLS;2020.0;1
190600;;;SQUID_INK;SEASHELLS;1954.0;1
190700;;;KELP;SEASHELLS;2020.0;10
190700;;;SQUID_INK;SEASHELLS;1953.0;10
190800;;;RAINFOREST_RESIN;SEASHELLS;9998.0;5
190900;;;KELP;SEASHELLS;2024.0;1
190900;;;KELP;SEASHELLS;2023.0;1
190900;;;RAINFOREST_RESIN;SEASHELLS;10005.0;1
190900;;;RAINFOREST_RESIN;SEASHELLS;10002.0;1
190900;;;SQUID_INK;SEASHELLS;1958.0;1
191000;;;RAINFOREST_RESIN;SEASHELLS;10002.0;1
191400;;;RAINFOREST_RESIN;SEASHELLS;9998.0;1
191700;;;RAINFOREST_RESIN;SEASHELLS;10004.0;2
191700;;;RAINFOREST_RESIN;SEASHELLS;10004.0;4
191800;;;KELP;SEASHELLS;2022.0;1
192000;;;KELP;SEASHELLS;2022.0;1
192000;;;RAINFOREST_RESIN;SEASHELLS;10002.0;1
192000;;;SQUID_INK;SEASHELLS;1959.0;1
192100;;;RAINFOREST_RESIN;SEASHELLS;9998.0;1
192200;;;KELP;SEASHELLS;2019.0;5
192200;;;RAINFOREST_RESIN;SEASHELLS;9998.0;2
192200;;;SQUID_INK;SEASHELLS;1954.0;5
192400;;;KELP;SEASHELLS;2019.0;1
192400;;;RAINFOREST_RESIN;SEASHELLS;9998.0;1
192400;;;SQUID_INK;SEASHELLS;1956.0;1
192700;;;RAINFOREST_RESIN;SEASHELLS;9996.0;1
192700;;;RAINFOREST_RESIN;SEASHELLS;9996.0;5
193300;;;RAINFOREST_RESIN;SEASHELLS;10002.0;1
193300;;;RAINFOREST_RESIN;SEASHELLS;10002.0;4
193600;;;KELP;SEASHELLS;2021.0;14
193600;;;SQUID_INK;SEASHELLS;1961.0;14
193700;;;RAINFOREST_RESIN;SEASHELLS;9998.0;1
193800;;;KELP;SEASHELLS;2020.0;1
193800;;;SQUID_INK;SEASHELLS;1959.0;1
194000;;;KELP;SEASHELLS;2018.0;1
194000;;;SQUID_INK;SEASHELLS;1957.0;1
194300;;;KELP;SEASHELLS;2018.0;1
194400;;;KELP;SEASHELLS;2021.0;2
194400;;;RAINFOREST_RESIN;SEASHELLS;10002.0;2
194400;;;SQUID_INK;SEASHELLS;1959.0;2
194600;;;KELP;SEASHELLS;2018.0;1
194600;;;SQUID_INK;SEASHELLS;1957.0;1
195100;;;KELP;SEASHELLS;2018.0;2
195100;;;KELP;SEASHELLS;2018.0;6
195100;;;RAINFOREST_RESIN;SEASHELLS;10002.0;4
195100;;;RAINFOREST_RESIN;SEASHELLS;10002.0;1
195100;;;SQUID_INK;SEASHELLS;1961.0;2
195100;;;SQUID_INK;SEASHELLS;1961.0;6
195700;;;RAINFOREST_RESIN;SEASHELLS;10002.0;1
195800;;;KELP;SEASHELLS;2021.0;1
195800;;;RAINFOREST_RESIN;SEASHELLS;10004.0;1
195800;;;SQUID_INK;SEASHELLS;1958.0;1
196000;;;RAINFOREST_RESIN;SEASHELLS;10002.0;1
196500;;;KELP;SEASHELLS;2022.0;1
196500;;;SQUID_INK;SEASHELLS;1952.0;1
197300;;;KELP;SEASHELLS;2023.0;1
197300;;;RAINFOREST_RESIN;SEASHELLS;9996.0;1
197300;;;RAINFOREST_RESIN;SEASHELLS;9996.0;1
197300;;;SQUID_INK;SEASHELLS;1957.0;1
197500;;;KELP;SEASHELLS;2020.0;1
197500;;;SQUID_INK;SEASHELLS;1955.0;1
197700;;;KELP;SEASHELLS;2024.0;2
197700;;;RAINFOREST_RESIN;SEASHELLS;10002.0;2
197700;;;SQUID_INK;SEASHELLS;1959.0;2
198500;;;KELP;SEASHELLS;2024.0;2
198500;;;RAINFOREST_RESIN;SEASHELLS;9998.0;2
198500;;;SQUID_INK;SEASHELLS;1959.0;2
198800;;;KELP;SEASHELLS;2021.0;1
198800;;;SQUID_INK;SEASHELLS;1954.0;1
198900;;;KELP;SEASHELLS;2021.0;5
198900;;;RAINFOREST_RESIN;SEASHELLS;10002.0;1
198900;;;SQUID_INK;SEASHELLS;1956.0;5
199000;;;KELP;SEASHELLS;2020.0;2
199000;;;RAINFOREST_RESIN;SEASHELLS;9996.0;2
199000;;;SQUID_INK;SEASHELLS;1957.0;2
199100;;;KELP;SEASHELLS;2020.0;1
199100;;;SQUID_INK;SEASHELLS;1956.0;1
199200;;;KELP;SEASHELLS;2021.0;2
199200;;;SQUID_INK;SEASHELLS;1957.0;2
199400;;;KELP;SEASHELLS;2022.0;1
199400;;;KELP;SEASHELLS;2021.0;2
199400;;;KELP;SEASHELLS;2021.0;1
199400;;;KELP;SEASHELLS;2021.0;3
199400;;;RAINFOREST_RESIN;SEASHELLS;10004.0;1
199400;;;SQUID_INK;SEASHELLS;1958.0;1
199400;;;SQUID_INK;SEASHELLS;1956.0;2
199400;;;SQUID_INK;SEASHELLS;1956.0;1
199400;;;SQUID_INK;SEASHELLS;1956.0;3
199500;;;RAINFOREST_RESIN;SEASHELLS;10002.0;1
199600;;;KELP;SEASHELLS;2023.0;1
199600;;;KELP;SEASHELLS;2023.0;1
199600;;;RAINFOREST_RESIN;SEASHELLS;10002.0;2
199600;;;SQUID_INK;SEASHELLS;1959.0;2
200000;;;KELP;SEASHELLS;2023.0;1
200000;;;SQUID_INK;SEASHELLS;1961.0;1
200200;;;RAINFOREST_RESIN;SEASHELLS;10004.0;1
200300;;;KELP;SEASHELLS;2021.0;5
200300;;;SQUID_INK;SEASHELLS;1958.0;5
200900;;;SQUID_INK;SEASHELLS;1956.0;3
201200;;;RAINFOREST_RESIN;SEASHELLS;10004.0;1
201200;;;RAINFOREST_RESIN;SEASHELLS;10005.0;8
201500;;;KELP;SEASHELLS;2021.0;1
201500;;;KELP;SEASHELLS;2021.0;10
201500;;;SQUID_INK;SEASHELLS;1960.0;1
201500;;;SQUID_INK;SEASHELLS;1960.0;10
201600;;;KELP;SEASHELLS;2021.0;10
201600;;;SQUID_INK;SEASHELLS;1960.0;10
201800;;;KELP;SEASHELLS;2023.0;1
201800;;;SQUID_INK;SEASHELLS;1963.0;1
202100;;;KELP;SEASHELLS;2025.0;2
202100;;;RAINFOREST_RESIN;SEASHELLS;10004.0;1
202100;;;RAINFOREST_RESIN;SEASHELLS;10004.0;1
202100;;;RAINFOREST_RESIN;SEASHELLS;10002.0;1
202100;;;SQUID_INK;SEASHELLS;1966.0;2
202200;;;KELP;SEASHELLS;2023.0;3
202200;;;SQUID_INK;SEASHELLS;1966.0;3
202200;;;SQUID_INK;SEASHELLS;1964.0;6
202400;;;KELP;SEASHELLS;2025.0;4
202400;;;SQUID_INK;SEASHELLS;1967.0;4
202600;;;KELP;SEASHELLS;2021.0;2
202600;;;RAINFOREST_RESIN;SEASHELLS;9995.0;2
202600;;;SQUID_INK;SEASHELLS;1965.0;2
202700;;;KELP;SEASHELLS;2025.0;12
202700;;;KELP;SEASHELLS;2024.0;1
202700;;;SQUID_INK;SEASHELLS;1969.0;12
202700;;;SQUID_INK;SEASHELLS;1968.0;1
202900;;;KELP;SEASHELLS;2022.0;1
202900;;;KELP;SEASHELLS;2022.0;4
202900;;;SQUID_INK;SEASHELLS;1967.0;1
202900;;;SQUID_INK;SEASHELLS;1967.0;4
203200;;;KELP;SEASHELLS;2024.0;1
203200;;;SQUID_INK;SEASHELLS;1968.0;1
203300;;;KELP;SEASHELLS;2021.0;1
203300;;;SQUID_INK;SEASHELLS;1966.0;1
203700;;;RAINFOREST_RESIN;SEASHELLS;9996.0;2
203700;;;RAINFOREST_RESIN;SEASHELLS;9996.0;7
203800;;;KELP;SEASHELLS;2024.0;1
203800;;;RAINFOREST_RESIN;SEASHELLS;10004.0;1
203800;;;SQUID_INK;SEASHELLS;1969.0;1
204000;;;RAINFOREST_RESIN;SEASHELLS;9998.0;1
204100;;;RAINFOREST_RESIN;SEASHELLS;9998.0;1
204500;;;RAINFOREST_RESIN;SEASHELLS;10002.0;4
205400;;;KELP;SEASHELLS;2024.0;5
205400;;;KELP;SEASHELLS;2024.0;1
205400;;;RAINFOREST_RESIN;SEASHELLS;10002.0;1
205400;;;SQUID_INK;SEASHELLS;1972.0;5
205400;;;SQUID_INK;SEASHELLS;1972.0;1
205600;;;RAINFOREST_RESIN;SEASHELLS;10002.0;5
205800;;;RAINFOREST_RESIN;SEASHELLS;9998.0;1
205800;;;SQUID_INK;SEASHELLS;1971.0;3
206000;;;KELP;SEASHELLS;2021.0;1
206000;;;SQUID_INK;SEASHELLS;1971.0;1
206100;;;RAINFOREST_RESIN;SEASHELLS;9996.0;2
206300;;;RAINFOREST_RESIN;SEASHELLS;9996.0;1
206700;;;RAINFOREST_RESIN;SEASHELLS;9996.0;2
206800;;;KELP;SEASHELLS;2020.0;2
206800;;;KELP;SEASHELLS;2021.0;4
206800;;;SQUID_INK;SEASHELLS;1973.0;2
206900;;;RAINFOREST_RESIN;SEASHELLS;9998.0;1
207200;;;KELP;SEASHELLS;2020.0;10
207200;;;SQUID_INK;SEASHELLS;1975.0;10
207300;;;RAINFOREST_RESIN;SEASHELLS;10002.0;1
207400;;;KELP;SEASHELLS;2022.0;1
207400;;;RAINFOREST_RESIN;SEASHELLS;10002.0;1
207400;;;SQUID_INK;SEASHELLS;1976.0;1
207600;;;KELP;SEASHELLS;2020.0;4
207600;;;SQUID_INK;SEASHELLS;1973.0;4
207800;;;RAINFOREST_RESIN;SEASHELLS;9998.0;4
207900;;;KELP;SEASHELLS;2020.0;1
207900;;;RAINFOREST_RESIN;SEASHELLS;10002.0;1
207900;;;SQUID_INK;SEASHELLS;1973.0;1
208000;;;KELP;SEASHELLS;2022.0;1
208000;;;SQUID_INK;SEASHELLS;1976.0;1
208100;;;KELP;SEASHELLS;2023.0;2
208100;;;RAINFOREST_RESIN;SEASHELLS;10004.0;2
208100;;;SQUID_INK;SEASHELLS;1976.0;2
208300;;;KELP;SEASHELLS;2024.0;9
208300;;;SQUID_INK;SEASHELLS;1978.0;9
208500;;;KELP;SEASHELLS;2021.0;14
208500;;;SQUID_INK;SEASHELLS;1972.0;14
209600;;;RAINFOREST_RESIN;SEASHELLS;9998.0;1
209800;;;RAINFOREST_RESIN;SEASHELLS;9998.0;1
210200;;;RAINFOREST_RESIN;SEASHELLS;10002.0;1
211500;;;KELP;SEASHELLS;2021.0;8
211500;;;SQUID_INK;SEASHELLS;1972.0;8
212300;;;KELP;SEASHELLS;2020.0;1
212300;;;SQUID_INK;SEASHELLS;1971.0;1
212500;;;KELP;SEASHELLS;2019.0;11
212500;;;SQUID_INK;SEASHELLS;1971.0;11
212800;;;RAINFOREST_RESIN;SEASHELLS;9995.0;8
213300;;;KELP;SEASHELLS;2021.0;10
213300;;;SQUID_INK;SEASHELLS;1969.0;10
213400;;;KELP;SEASHELLS;2021.0;1
213400;;;SQUID_INK;SEASHELLS;1969.0;1
213500;;;RAINFOREST_RESIN;SEASHELLS;9995.0;3
214100;;;KELP;SEASHELLS;2022.0;1
214200;;;KELP;SEASHELLS;2020.0;15
214200;;;SQUID_INK;SEASHELLS;1970.0;15
214700;;;KELP;SEASHELLS;2022.0;1
214700;;;SQUID_INK;SEASHELLS;1973.0;1
214800;;;KELP;SEASHELLS;2023.0;1
214800;;;RAINFOREST_RESIN;SEASHELLS;9998.0;1
214800;;;RAINFOREST_RESIN;SEASHELLS;9998.0;4
214800;;;SQUID_INK;SEASHELLS;1974.0;1
215000;;;KELP;SEASHELLS;2020.0;1
215000;;;KELP;SEASHELLS;2020.0;8
215000;;;RAINFOREST_RESIN;SEASHELLS;9998.0;1
215000;;;SQUID_INK;SEASHELLS;1970.0;1
215000;;;SQUID_INK;SEASHELLS;1970.0;8
215100;;;KELP;SEASHELLS;2020.0;2
215100;;;RAINFOREST_RESIN;SEASHELLS;10005.0;3
215100;;;SQUID_INK;SEASHELLS;1971.0;2
215200;;;KELP;SEASHELLS;2023.0;1
215200;;;KELP;SEASHELLS;2022.0;8
215200;;;RAINFOREST_RESIN;SEASHELLS;10004.0;1
215200;;;RAINFOREST_RESIN;SEASHELLS;10002.0;3
215200;;;SQUID_INK;SEASHELLS;1975.0;1
215300;;;KELP;SEASHELLS;2023.0;14
215300;;;SQUID_INK;SEASHELLS;1975.0;14
215400;;;RAINFOREST_RESIN;SEASHELLS;9998.0;1
215600;;;KELP;SEASHELLS;2020.0;1
215600;;;KELP;SEASHELLS;2021.0;4
215600;;;SQUID_INK;SEASHELLS;1970.0;1
215600;;;SQUID_INK;SEASHELLS;1971.0;4
215700;;;RAINFOREST_RESIN;SEASHELLS;9996.0;2
215800;;;RAINFOREST_RESIN;SEASHELLS;10002.0;1
215800;;;RAINFOREST_RESIN;SEASHELLS;10002.0;1
215900;;;KELP;SEASHELLS;2021.0;1
215900;;;SQUID_INK;SEASHELLS;1973.0;1
215900;;;SQUID_INK;SEASHELLS;1973.0;6
216000;;;KELP;SEASHELLS;2022.0;1
216000;;;SQUID_INK;SEASHELLS;1973.0;1
216100;;;KELP;SEASHELLS;2019.0;1
216100;;;SQUID_INK;SEASHELLS;1974.0;1
216300;;;KELP;SEASHELLS;2019.0;1
216300;;;SQUID_INK;SEASHELLS;1974.0;1
216400;;;KELP;SEASHELLS;2021.0;1
216400;;;RAINFOREST_RESIN;SEASHELLS;10005.0;8
216400;;;SQUID_INK;SEASHELLS;1976.0;1
216800;;;KELP;SEASHELLS;2019.0;2
216800;;;RAINFOREST_RESIN;SEASHELLS;9996.0;2
216800;;;SQUID_INK;SEASHELLS;1976.0;2
217300;;;KELP;SEASHELLS;2020.0;1
217300;;;KELP;SEASHELLS;2020.0;4
217300;;;RAINFOREST_RESIN;SEASHELLS;9996.0;1
217300;;;RAINFOREST_RESIN;SEASHELLS;9996.0;5
217300;;;SQUID_INK;SEASHELLS;1976.0;1
217300;;;SQUID_INK;SEASHELLS;1976.0;4
217600;;;KELP;SEASHELLS;2020.0;7
217600;;;SQUID_INK;SEASHELLS;1982.0;7
217700;;;KELP;SEASHELLS;2020.0;1
217700;;;SQUID_INK;SEASHELLS;1987.0;1
217800;;;KELP;SEASHELLS;2021.0;2
217800;;;RAINFOREST_RESIN;SEASHELLS;10000.0;2
217800;;;SQUID_INK;SEASHELLS;1987.0;2
218200;;;KELP;SEASHELLS;2021.0;1
218500;;;RAINFOREST_RESIN;SEASHELLS;10002.0;1
218500;;;RAINFOREST_RESIN;SEASHELLS;9996.0;1
218500;;;RAINFOREST_RESIN;SEASHELLS;9996.0;7
219000;;;RAINFOREST_RESIN;SEASHELLS;9998.0;2
219600;;;RAINFOREST_RESIN;SEASHELLS;10002.0;1
219700;;;RAINFOREST_RESIN;SEASHELLS;10004.0;1
219700;;;RAINFOREST_RESIN;SEASHELLS;10004.0;11
219900;;;KELP;SEASHELLS;2021.0;1
219900;;;SQUID_INK;SEASHELLS;1981.0;1
220000;;;KELP;SEASHELLS;2023.0;1
220000;;;SQUID_INK;SEASHELLS;1982.0;1
220200;;;KELP;SEASHELLS;2024.0;1
220200;;;RAINFOREST_RESIN;SEASHELLS;10004.0;1
220200;;;SQUID_INK;SEASHELLS;1986.0;1
220300;;;KELP;SEASHELLS;2024.0;8
220300;;;KELP;SEASHELLS;2021.0;2
220300;;;RAINFOREST_RESIN;SEASHELLS;9995.0;2
220300;;;SQUID_INK;SEASHELLS;1985.0;8
220300;;;SQUID_INK;SEASHELLS;1981.0;2
220500;;;KELP;SEASHELLS;2021.0;1
220500;;;SQUID_INK;SEASHELLS;1983.0;1
220800;;;KELP;SEASHELLS;2021.0;1
220800;;;SQUID_INK;SEASHELLS;1981.0;1
220800;;;SQUID_INK;SEASHELLS;1982.0;5
221000;;;KELP;SEASHELLS;2020.0;1
221000;;;SQUID_INK;SEASHELLS;1981.0;1
221100;;;RAINFOREST_RESIN;SEASHELLS;10002.0;1
221500;;;RAINFOREST_RESIN;SEASHELLS;10002.0;5
221600;;;KELP;SEASHELLS;2020.0;1
221600;;;KELP;SEASHELLS;2021.0;5
221600;;;SQUID_INK;SEASHELLS;1981.0;1
221600;;;SQUID_INK;SEASHELLS;1982.0;5
221800;;;RAINFOREST_RESIN;SEASHELLS;9998.0;1
222500;;;RAINFOREST_RESIN;SEASHELLS;10002.0;3
222500;;;RAINFOREST_RESIN;SEASHELLS;10002.0;4
222600;;;KELP;SEASHELLS;2024.0;2
222600;;;RAINFOREST_RESIN;SEASHELLS;10005.0;2
222600;;;SQUID_INK;SEASHELLS;1985.0;2
223100;;;KELP;SEASHELLS;2023.0;1
223100;;;SQUID_INK;SEASHELLS;1986.0;6
223700;;;RAINFOREST_RESIN;SEASHELLS;10002.0;1
223800;;;RAINFOREST_RESIN;SEASHELLS;10002.0;1
223900;;;SQUID_INK;SEASHELLS;1985.0;2
224200;;;KELP;SEASHELLS;2021.0;5
224300;;;KELP;SEASHELLS;2022.0;1
224300;;;SQUID_INK;SEASHELLS;1988.0;1
224400;;;KELP;SEASHELLS;2020.0;1
224400;;;SQUID_INK;SEASHELLS;1986.0;1
224600;;;RAINFOREST_RESIN;SEASHELLS;9998.0;1
224800;;;KELP;SEASHELLS;2022.0;9
224800;;;RAINFOREST_RESIN;SEASHELLS;9996.0;1
224800;;;RAINFOREST_RESIN;SEASHELLS;9996.0;9
224800;;;SQUID_INK;SEASHELLS;1988.0;9
225000;;;KELP;SEASHELLS;2022.0;1
225000;;;RAINFOREST_RESIN;SEASHELLS;9998.0;1
225000;;;SQUID_INK;SEASHELLS;1988.0;1
225100;;;KELP;SEASHELLS;2020.0;1
225100;;;SQUID_INK;SEASHELLS;1986.0;1
225500;;;KELP;SEASHELLS;2023.0;15
225500;;;SQUID_INK;SEASHELLS;1989.0;15
225900;;;RAINFOREST_RESIN;SEASHELLS;9998.0;1
226400;;;RAINFOREST_RESIN;SEASHELLS;10005.0;3
226700;;;KELP;SEASHELLS;2021.0;1
226700;;;SQUID_INK;SEASHELLS;1985.0;1
226900;;;KELP;SEASHELLS;2021.0;1
226900;;;SQUID_INK;SEASHELLS;1986.0;1
227000;;;RAINFOREST_RESIN;SEASHELLS;9998.0;1
227000;;;RAINFOREST_RESIN;SEASHELLS;9998.0;3
227100;;;RAINFOREST_RESIN;SEASHELLS;9998.0;1
227300;;;KELP;SEASHELLS;2021.0;13
227300;;;SQUID_INK;SEASHELLS;1987.0;13
227400;;;KELP;SEASHELLS;2023.0;1
227400;;;SQUID_INK;SEASHELLS;1988.0;1
227600;;;KELP;SEASHELLS;2021.0;1
227600;;;KELP;SEASHELLS;2021.0;2
227600;;;SQUID_INK;SEASHELLS;1986.0;1
227600;;;SQUID_INK;SEASHELLS;1986.0;2
227700;;;KELP;SEASHELLS;2024.0;2
227700;;;RAINFOREST_RESIN;SEASHELLS;10005.0;2
227700;;;SQUID_INK;SEASHELLS;1990.0;2
227900;;;RAINFOREST_RESIN;SEASHELLS;9998.0;1
228400;;;KELP;SEASHELLS;2024.0;10
228400;;;SQUID_INK;SEASHELLS;1989.0;10
228700;;;KELP;SEASHELLS;2022.0;2
228700;;;RAINFOREST_RESIN;SEASHELLS;10000.0;2
228700;;;SQUID_INK;SEASHELLS;1985.0;2
228800;;;KELP;SEASHELLS;2021.0;1
228800;;;KELP;SEASHELLS;2024.0;1
228800;;;RAINFOREST_RESIN;SEASHELLS;10002.0;1
228800;;;SQUID_INK;SEASHELLS;1984.0;1
228800;;;SQUID_INK;SEASHELLS;1987.0;1
229000;;;KELP;SEASHELLS;2021.0;1
229000;;;KELP;SEASHELLS;2021.0;1
229000;;;SQUID_INK;SEASHELLS;1984.0;1
229200;;;SQUID_INK;SEASHELLS;1984.0;1
229900;;;KELP;SEASHELLS;2020.0;1
229900;;;KELP;SEASHELLS;2020.0;2
229900;;;RAINFOREST_RESIN;SEASHELLS;9996.0;1
229900;;;RAINFOREST_RESIN;SEASHELLS;9996.0;1
229900;;;SQUID_INK;SEASHELLS;1985.0;1
229900;;;SQUID_INK;SEASHELLS;1985.0;2
230100;;;KELP;SEASHELLS;2020.0;1
230100;;;KELP;SEASHELLS;2020.0;11
230100;;;SQUID_INK;SEASHELLS;1987.0;1
230100;;;SQUID_INK;SEASHELLS;1987.0;11
230200;;;KELP;SEASHELLS;2022.0;1
230200;;;KELP;SEASHELLS;2023.0;12
230200;;;SQUID_INK;SEASHELLS;1989.0;1
230200;;;SQUID_INK;SEASHELLS;1990.0;12
230300;;;RAINFOREST_RESIN;SEASHELLS;10005.0;3
230600;;;KELP;SEASHELLS;2023.0;15
230600;;;KELP;SEASHELLS;2023.0;2
230600;;;RAINFOREST_RESIN;SEASHELLS;10004.0;2
230600;;;SQUID_INK;SEASHELLS;1988.0;15
230600;;;SQUID_INK;SEASHELLS;1988.0;2
230800;;;KELP;SEASHELLS;2021.0;1
230800;;;SQUID_INK;SEASHELLS;1983.0;1
231000;;;RAINFOREST_RESIN;SEASHELLS;9998.0;1
231200;;;RAINFOREST_RESIN;SEASHELLS;10002.0;1
231800;;;KELP;SEASHELLS;2024.0;12
231800;;;SQUID_INK;SEASHELLS;1984.0;12
232200;;;RAINFOREST_RESIN;SEASHELLS;9998.0;1
232400;;;KELP;SEASHELLS;2021.0;1
232400;;;SQUID_INK;SEASHELLS;1985.0;1
232600;;;KELP;SEASHELLS;2024.0;5
232600;;;RAINFOREST_RESIN;SEASHELLS;9996.0;2
232600;;;SQUID_INK;SEASHELLS;1987.0;5
232800;;;KELP;SEASHELLS;2023.0;1
232800;;;KELP;SEASHELLS;2022.0;1
232800;;;SQUID_INK;SEASHELLS;1987.0;1
232800;;;SQUID_INK;SEASHELLS;1986.0;1
233100;;;RAINFOREST_RESIN;SEASHELLS;9996.0;2
233900;;;KELP;SEASHELLS;2021.0;1
233900;;;RAINFOREST_RESIN;SEASHELLS;9996.0;1
233900;;;SQUID_INK;SEASHELLS;1991.0;2
234600;;;RAINFOREST_RESIN;SEASHELLS;9998.0;4
234700;;;RAINFOREST_RESIN;SEASHELLS;10002.0;1
234800;;;KELP;SEASHELLS;2023.0;4
234800;;;KELP;SEASHELLS;2023.0;1
235500;;;KELP;SEASHELLS;2021.0;9
235500;;;RAINFOREST_RESIN;SEASHELLS;10002.0;4
235500;;;SQUID_INK;SEASHELLS;1980.0;9
235800;;;KELP;SEASHELLS;2021.0;1
235900;;;KELP;SEASHELLS;2021.0;1
235900;;;RAINFOREST_RESIN;SEASHELLS;9998.0;1
235900;;;SQUID_INK;SEASHELLS;1977.0;1
236000;;;RAINFOREST_RESIN;SEASHELLS;10002.0;1
236300;;;KELP;SEASHELLS;2023.0;1
236300;;;SQUID_INK;SEASHELLS;1976.0;1
236600;;;KELP;SEASHELLS;2021.0;1
236600;;;SQUID_INK;SEASHELLS;1968.0;1
236800;;;RAINFOREST_RESIN;SEASHELLS;9998.0;1
237100;;;KELP;SEASHELLS;2023.0;1
237100;;;KELP;SEASHELLS;2021.0;14
237100;;;SQUID_INK;SEASHELLS;1976.0;1
237100;;;SQUID_INK;SEASHELLS;1974.0;14
237300;;;RAINFOREST_RESIN;SEASHELLS;10002.0;1
237400;;;KELP;SEASHELLS;2020.0;1
237400;;;SQUID_INK;SEASHELLS;1968.0;1
237600;;;RAINFOREST_RESIN;SEASHELLS;9998.0;1
237800;;;KELP;SEASHELLS;2021.0;1
237800;;;RAINFOREST_RESIN;SEASHELLS;10004.0;1
237800;;;RAINFOREST_RESIN;SEASHELLS;10004.0;1
237800;;;SQUID_INK;SEASHELLS;1974.0;1
238000;;;KELP;SEASHELLS;2023.0;1
238000;;;SQUID_INK;SEASHELLS;1970.0;1
238400;;;KELP;SEASHELLS;2024.0;1
238400;;;SQUID_INK;SEASHELLS;1966.0;1
238500;;;KELP;SEASHELLS;2025.0;2
238500;;;RAINFOREST_RESIN;SEASHELLS;10004.0;2
238500;;;SQUID_INK;SEASHELLS;1965.0;2
238600;;;KELP;SEASHELLS;2022.0;1
238600;;;SQUID_INK;SEASHELLS;1965.0;1
238700;;;KELP;SEASHELLS;2023.0;1
238700;;;SQUID_INK;SEASHELLS;1964.0;1
239000;;;RAINFOREST_RESIN;SEASHELLS;9998.0;1
239400;;;KELP;SEASHELLS;2025.0;1
239400;;;RAINFOREST_RESIN;SEASHELLS;10004.0;2
239400;;;RAINFOREST_RESIN;SEASHELLS;10004.0;6
239400;;;SQUID_INK;SEASHELLS;1969.0;1
239900;;;RAINFOREST_RESIN;SEASHELLS;10002.0;1
240000;;;KELP;SEASHELLS;2026.0;2
240000;;;RAINFOREST_RESIN;SEASHELLS;10004.0;2
240000;;;RAINFOREST_RESIN;SEASHELLS;10005.0;2
240000;;;SQUID_INK;SEASHELLS;1968.0;2
240200;;;KELP;SEASHELLS;2023.0;1
240200;;;SQUID_INK;SEASHELLS;1967.0;1
240400;;;RAINFOREST_RESIN;SEASHELLS;9998.0;1
240700;;;RAINFOREST_RESIN;SEASHELLS;10002.0;1
241000;;;KELP;SEASHELLS;2025.0;1
241000;;;RAINFOREST_RESIN;SEASHELLS;9998.0;4
241000;;;SQUID_INK;SEASHELLS;1970.0;1
241300;;;KELP;SEASHELLS;2022.0;1
241300;;;SQUID_INK;SEASHELLS;1966.0;1
241500;;;KELP;SEASHELLS;2024.0;1
241500;;;SQUID_INK;SEASHELLS;1968.0;1
241600;;;KELP;SEASHELLS;2024.0;1
241600;;;RAINFOREST_RESIN;SEASHELLS;10004.0;1
241600;;;SQUID_INK;SEASHELLS;1968.0;1
241700;;;KELP;SEASHELLS;2022.0;1
241700;;;RAINFOREST_RESIN;SEASHELLS;10004.0;1
241700;;;RAINFOREST_RESIN;SEASHELLS;10004.0;5
241700;;;SQUID_INK;SEASHELLS;1967.0;1
242200;;;KELP;SEASHELLS;2024.0;1
242200;;;KELP;SEASHELLS;2024.0;2
242200;;;RAINFOREST_RESIN;SEASHELLS;9995.0;2
242200;;;SQUID_INK;SEASHELLS;1966.0;1
242200;;;SQUID_INK;SEASHELLS;1966.0;2
242500;;;KELP;SEASHELLS;2025.0;2
242500;;;RAINFOREST_RESIN;SEASHELLS;9998.0;2
242500;;;SQUID_INK;SEASHELLS;1967.0;2
242600;;;RAINFOREST_RESIN;SEASHELLS;10002.0;1
242700;;;RAINFOREST_RESIN;SEASHELLS;9998.0;1
242800;;;KELP;SEASHELLS;2021.0;1
242800;;;KELP;SEASHELLS;2022.0;4
242800;;;SQUID_INK;SEASHELLS;1967.0;1
242800;;;SQUID_INK;SEASHELLS;1968.0;4
242900;;;RAINFOREST_RESIN;SEASHELLS;9995.0;11
243000;;;KELP;SEASHELLS;2021.0;1
243000;;;SQUID_INK;SEASHELLS;1967.0;1
243100;;;KELP;SEASHELLS;2021.0;10
243100;;;SQUID_INK;SEASHELLS;1968.0;10
243500;;;KELP;SEASHELLS;2023.0;1
243500;;;RAINFOREST_RESIN;SEASHELLS;9998.0;1
243500;;;SQUID_INK;SEASHELLS;1971.0;1
243600;;;KELP;SEASHELLS;2024.0;7
243600;;;SQUID_INK;SEASHELLS;1972.0;7
244800;;;KELP;SEASHELLS;2023.0;1
244800;;;RAINFOREST_RESIN;SEASHELLS;10002.0;1
244900;;;KELP;SEASHELLS;2024.0;1
245200;;;KELP;SEASHELLS;2025.0;2
245200;;;RAINFOREST_RESIN;SEASHELLS;10004.0;2
245200;;;RAINFOREST_RESIN;SEASHELLS;10005.0;2
245200;;;SQUID_INK;SEASHELLS;1969.0;2
245300;;;KELP;SEASHELLS;2023.0;2
245300;;;SQUID_INK;SEASHELLS;1968.0;2
245500;;;KELP;SEASHELLS;2022.0;9
245500;;;RAINFOREST_RESIN;SEASHELLS;10002.0;1
245500;;;RAINFOREST_RESIN;SEASHELLS;9998.0;8
245500;;;SQUID_INK;SEASHELLS;1966.0;9
245700;;;RAINFOREST_RESIN;SEASHELLS;10000.0;4
245800;;;RAINFOREST_RESIN;SEASHELLS;9998.0;1
246100;;;RAINFOREST_RESIN;SEASHELLS;9995.0;11
246200;;;RAINFOREST_RESIN;SEASHELLS;10002.0;1
246300;;;KELP;SEASHELLS;2024.0;1
246300;;;RAINFOREST_RESIN;SEASHELLS;9996.0;1
246300;;;RAINFOREST_RESIN;SEASHELLS;9996.0;1
246300;;;SQUID_INK;SEASHELLS;1959.0;1
247200;;;KELP;SEASHELLS;2023.0;1
247200;;;KELP;SEASHELLS;2023.0;10
247200;;;SQUID_INK;SEASHELLS;1956.0;1
247200;;;SQUID_INK;SEASHELLS;1956.0;10
247400;;;SQUID_INK;SEASHELLS;1956.0;1
247700;;;KELP;SEASHELLS;2024.0;3
247700;;;KELP;SEASHELLS;2024.0;1
247700;;;SQUID_INK;SEASHELLS;1960.0;1
247700;;;SQUID_INK;SEASHELLS;1959.0;2
247800;;;KELP;SEASHELLS;2022.0;1
247800;;;RAINFOREST_RESIN;SEASHELLS;9998.0;1
248000;;;KELP;SEASHELLS;2022.0;2
248000;;;RAINFOREST_RESIN;SEASHELLS;10005.0;2
248000;;;SQUID_INK;SEASHELLS;1957.0;2
248300;;;KELP;SEASHELLS;2022.0;4
248300;;;SQUID_INK;SEASHELLS;1956.0;4
248600;;;KELP;SEASHELLS;2025.0;5
248600;;;SQUID_INK;SEASHELLS;1962.0;5
248700;;;KELP;SEASHELLS;2025.0;13
248700;;;SQUID_INK;SEASHELLS;1964.0;13
249100;;;KELP;SEASHELLS;2024.0;1
249100;;;KELP;SEASHELLS;2024.0;4
249100;;;SQUID_INK;SEASHELLS;1962.0;1
249200;;;RAINFOREST_RESIN;SEASHELLS;9996.0;1
249200;;;RAINFOREST_RESIN;SEASHELLS;9996.0;3
249400;;;RAINFOREST_RESIN;SEASHELLS;9998.0;1
249600;;;RAINFOREST_RESIN;SEASHELLS;10002.0;4
250000;;;KELP;SEASHELLS;2022.0;1
250000;;;RAINFOREST_RESIN;SEASHELLS;9996.0;1
250000;;;SQUID_INK;SEASHELLS;1959.0;1
250500;;;KELP;SEASHELLS;2025.0;1
250500;;;RAINFOREST_RESIN;SEASHELLS;9998.0;1
250500;;;SQUID_INK;SEASHELLS;1967.0;1
250600;;;KELP;SEASHELLS;2025.0;8
250600;;;SQUID_INK;SEASHELLS;1967.0;8
251200;;;KELP;SEASHELLS;2022.0;2
251200;;;RAINFOREST_RESIN;SEASHELLS;10002.0;1
251200;;;SQUID_INK;SEASHELLS;1964.0;2
251300;;;KELP;SEASHELLS;2024.0;1
251600;;;KELP;SEASHELLS;2024.0;1
251800;;;KELP;SEASHELLS;2022.0;1
251800;;;SQUID_INK;SEASHELLS;1966.0;1
252000;;;RAINFOREST_RESIN;SEASHELLS;9998.0;2
252000;;;RAINFOREST_RESIN;SEASHELLS;9998.0;2
252300;;;KELP;SEASHELLS;2024.0;1
252300;;;RAINFOREST_RESIN;SEASHELLS;10005.0;1
252300;;;SQUID_INK;SEASHELLS;1968.0;1
252400;;;RAINFOREST_RESIN;SEASHELLS;10002.0;1
253100;;;KELP;SEASHELLS;2021.0;1
253100;;;RAINFOREST_RESIN;SEASHELLS;9996.0;1
253100;;;SQUID_INK;SEASHELLS;1964.0;1
253500;;;SQUID_INK;SEASHELLS;1961.0;1
255000;;;RAINFOREST_RESIN;SEASHELLS;9998.0;1
255400;;;KELP;SEASHELLS;2024.0;2
255400;;;RAINFOREST_RESIN;SEASHELLS;10004.0;1
255400;;;SQUID_INK;SEASHELLS;1963.0;1
255700;;;KELP;SEASHELLS;2023.0;1
255700;;;SQUID_INK;SEASHELLS;1962.0;1
256100;;;KELP;SEASHELLS;2021.0;1
256100;;;RAINFOREST_RESIN;SEASHELLS;10002.0;1
256100;;;SQUID_INK;SEASHELLS;1958.0;1
256200;;;RAINFOREST_RESIN;SEASHELLS;10002.0;1
256300;;;KELP;SEASHELLS;2021.0;1
256300;;;RAINFOREST_RESIN;SEASHELLS;9995.0;1
256300;;;SQUID_INK;SEASHELLS;1957.0;1
256400;;;KELP;SEASHELLS;2024.0;1
256400;;;SQUID_INK;SEASHELLS;1960.0;1
256700;;;RAINFOREST_RESIN;SEASHELLS;9998.0;1
257100;;;KELP;SEASHELLS;2025.0;11
257100;;;SQUID_INK;SEASHELLS;1963.0;11
257500;;;KELP;SEASHELLS;2021.0;1
257500;;;RAINFOREST_RESIN;SEASHELLS;9998.0;1
257500;;;SQUID_INK;SEASHELLS;1959.0;1
257800;;;KELP;SEASHELLS;2023.0;1
257800;;;SQUID_INK;SEASHELLS;1958.0;1
257900;;;RAINFOREST_RESIN;SEASHELLS;10002.0;3
258200;;;KELP;SEASHELLS;2020.0;1
258200;;;RAINFOREST_RESIN;SEASHELLS;9995.0;1
258200;;;SQUID_INK;SEASHELLS;1954.0;1
258500;;;KELP;SEASHELLS;2021.0;1
258500;;;RAINFOREST_RESIN;SEASHELLS;9996.0;1
258500;;;SQUID_INK;SEASHELLS;1955.0;1
258600;;;KELP;SEASHELLS;2020.0;9
258600;;;SQUID_INK;SEASHELLS;1954.0;9
258800;;;KELP;SEASHELLS;2020.0;5
258800;;;SQUID_INK;SEASHELLS;1954.0;5
258900;;;RAINFOREST_RESIN;SEASHELLS;10002.0;1
259000;;;RAINFOREST_RESIN;SEASHELLS;9996.0;2
259100;;;RAINFOREST_RESIN;SEASHELLS;9995.0;5
259600;;;KELP;SEASHELLS;2021.0;1
259600;;;KELP;SEASHELLS;2024.0;2
259600;;;RAINFOREST_RESIN;SEASHELLS;10004.0;1
259600;;;SQUID_INK;SEASHELLS;1957.0;1
259600;;;SQUID_INK;SEASHELLS;1960.0;2
259700;;;KELP;SEASHELLS;2024.0;1
259700;;;RAINFOREST_RESIN;SEASHELLS;9998.0;1
259700;;;SQUID_INK;SEASHELLS;1959.0;1
259800;;;RAINFOREST_RESIN;SEASHELLS;10004.0;1
259800;;;RAINFOREST_RESIN;SEASHELLS;10004.0;7
259900;;;RAINFOREST_RESIN;SEASHELLS;10004.0;2
259900;;;RAINFOREST_RESIN;SEASHELLS;10004.0;10
260000;;;KELP;SEASHELLS;2021.0;1
260000;;;KELP;SEASHELLS;2024.0;11
260000;;;SQUID_INK;SEASHELLS;1957.0;1
260200;;;KELP;SEASHELLS;2022.0;1
260200;;;KELP;SEASHELLS;2022.0;1
260200;;;SQUID_INK;SEASHELLS;1958.0;1
260200;;;SQUID_INK;SEASHELLS;1958.0;1
260400;;;KELP;SEASHELLS;2021.0;1
260400;;;KELP;SEASHELLS;2021.0;1
260400;;;SQUID_INK;SEASHELLS;1959.0;1
260700;;;RAINFOREST_RESIN;SEASHELLS;9998.0;1
261000;;;RAINFOREST_RESIN;SEASHELLS;10002.0;1
261100;;;KELP;SEASHELLS;2021.0;1
261100;;;RAINFOREST_RESIN;SEASHELLS;9996.0;1
261100;;;SQUID_INK;SEASHELLS;1961.0;1
261500;;;KELP;SEASHELLS;2024.0;1
261500;;;RAINFOREST_RESIN;SEASHELLS;10004.0;1
261500;;;SQUID_INK;SEASHELLS;1965.0;1
261500;;;SQUID_INK;SEASHELLS;1964.0;10
261600;;;KELP;SEASHELLS;2022.0;1
261600;;;SQUID_INK;SEASHELLS;1964.0;1
261700;;;RAINFOREST_RESIN;SEASHELLS;10004.0;1
262600;;;KELP;SEASHELLS;2024.0;2
262600;;;RAINFOREST_RESIN;SEASHELLS;10004.0;1
262600;;;RAINFOREST_RESIN;SEASHELLS;10004.0;1
262600;;;SQUID_INK;SEASHELLS;1961.0;2
263100;;;KELP;SEASHELLS;2024.0;1
263100;;;SQUID_INK;SEASHELLS;1961.0;8
263500;;;KELP;SEASHELLS;2022.0;2
263500;;;SQUID_INK;SEASHELLS;1958.0;10
263800;;;KELP;SEASHELLS;2022.0;3
263800;;;KELP;SEASHELLS;2022.0;10
263800;;;SQUID_INK;SEASHELLS;1958.0;3
263800;;;SQUID_INK;SEASHELLS;1958.0;10
263900;;;KELP;SEASHELLS;2024.0;1
263900;;;RAINFOREST_RESIN;SEASHELLS;10002.0;1
263900;;;SQUID_INK;SEASHELLS;1961.0;1
264000;;;RAINFOREST_RESIN;SEASHELLS;10002.0;1
264300;;;KELP;SEASHELLS;2022.0;1
264300;;;SQUID_INK;SEASHELLS;1962.0;1
264400;;;KELP;SEASHELLS;2023.0;2
264400;;;SQUID_INK;SEASHELLS;1963.0;2
264800;;;KELP;SEASHELLS;2026.0;1
264800;;;RAINFOREST_RESIN;SEASHELLS;10002.0;1
264800;;;SQUID_INK;SEASHELLS;1966.0;1
265100;;;KELP;SEASHELLS;2024.0;1
265100;;;KELP;SEASHELLS;2025.0;5
265100;;;SQUID_INK;SEASHELLS;1962.0;2
265100;;;SQUID_INK;SEASHELLS;1962.0;3
265100;;;SQUID_INK;SEASHELLS;1962.0;1
265200;;;RAINFOREST_RESIN;SEASHELLS;10002.0;1
265300;;;RAINFOREST_RESIN;SEASHELLS;9998.0;1
265700;;;KELP;SEASHELLS;2024.0;1
265700;;;SQUID_INK;SEASHELLS;1959.0;1
265800;;;KELP;SEASHELLS;2024.0;1
265800;;;SQUID_INK;SEASHELLS;1958.0;1
266000;;;KELP;SEASHELLS;2026.0;1
266000;;;SQUID_INK;SEASHELLS;1957.0;1
266300;;;KELP;SEASHELLS;2023.0;2
266300;;;RAINFOREST_RESIN;SEASHELLS;9995.0;2
266300;;;SQUID_INK;SEASHELLS;1952.0;2
266900;;;KELP;SEASHELLS;2024.0;14
266900;;;SQUID_INK;SEASHELLS;1949.0;14
267100;;;KELP;SEASHELLS;2024.0;1
267100;;;SQUID_INK;SEASHELLS;1947.0;1
267200;;;KELP;SEASHELLS;2024.0;1
267200;;;SQUID_INK;SEASHELLS;1947.0;1
267300;;;KELP;SEASHELLS;2024.0;2
267300;;;RAINFOREST_RESIN;SEASHELLS;9998.0;2
267300;;;SQUID_INK;SEASHELLS;1947.0;2
267400;;;KELP;SEASHELLS;2024.0;2
267400;;;SQUID_INK;SEASHELLS;1949.0;2
267500;;;KELP;SEASHELLS;2024.0;2
267500;;;RAINFOREST_RESIN;SEASHELLS;9996.0;1
267500;;;SQUID_INK;SEASHELLS;1946.0;2
268500;;;RAINFOREST_RESIN;SEASHELLS;9998.0;2
268700;;;RAINFOREST_RESIN;SEASHELLS;10002.0;6
268800;;;KELP;SEASHELLS;2026.0;1
268800;;;KELP;SEASHELLS;2024.0;6
268800;;;SQUID_INK;SEASHELLS;1953.0;1
268800;;;SQUID_INK;SEASHELLS;1951.0;6
269300;;;KELP;SEASHELLS;2027.0;1
269300;;;RAINFOREST_RESIN;SEASHELLS;10004.0;1
269300;;;SQUID_INK;SEASHELLS;1959.0;1
269800;;;KELP;SEASHELLS;2024.0;1
269800;;;SQUID_INK;SEASHELLS;1958.0;1
270000;;;KELP;SEASHELLS;2026.0;1
270200;;;KELP;SEASHELLS;2026.0;1
270200;;;SQUID_INK;SEASHELLS;1963.0;1
270400;;;KELP;SEASHELLS;2024.0;1
270400;;;SQUID_INK;SEASHELLS;1961.0;1
270600;;;KELP;SEASHELLS;2025.0;1
270600;;;SQUID_INK;SEASHELLS;1963.0;1
270900;;;KELP;SEASHELLS;2025.0;4
270900;;;RAINFOREST_RESIN;SEASHELLS;9998.0;1
270900;;;SQUID_INK;SEASHELLS;1962.0;4
271100;;;RAINFOREST_RESIN;SEASHELLS;9998.0;1
271100;;;RAINFOREST_RESIN;SEASHELLS;9998.0;1
271400;;;RAINFOREST_RESIN;SEASHELLS;10002.0;5
271500;;;KELP;SEASHELLS;2025.0;1
271500;;;SQUID_INK;SEASHELLS;1961.0;1
271900;;;KELP;SEASHELLS;2025.0;1
271900;;;SQUID_INK;SEASHELLS;1961.0;1
272000;;;KELP;SEASHELLS;2026.0;2
272000;;;RAINFOREST_RESIN;SEASHELLS;10004.0;1
272000;;;SQUID_INK;SEASHELLS;1962.0;2
272100;;;KELP;SEASHELLS;2023.0;5
272100;;;SQUID_INK;SEASHELLS;1961.0;1
272100;;;SQUID_INK;SEASHELLS;1961.0;4
272200;;;KELP;SEASHELLS;2023.0;4
272200;;;SQUID_INK;SEASHELLS;1960.0;4
272500;;;KELP;SEASHELLS;2023.0;8
272500;;;SQUID_INK;SEASHELLS;1962.0;2
272600;;;KELP;SEASHELLS;2023.0;2
272600;;;SQUID_INK;SEASHELLS;1961.0;2
272800;;;SQUID_INK;SEASHELLS;1962.0;3
272900;;;KELP;SEASHELLS;2025.0;1
272900;;;SQUID_INK;SEASHELLS;1963.0;1
273100;;;KELP;SEASHELLS;2023.0;1
273100;;;RAINFOREST_RESIN;SEASHELLS;9996.0;1
273100;;;SQUID_INK;SEASHELLS;1961.0;1
273300;;;KELP;SEASHELLS;2023.0;4
273600;;;KELP;SEASHELLS;2023.0;1
273600;;;RAINFOREST_RESIN;SEASHELLS;9995.0;1
273600;;;SQUID_INK;SEASHELLS;1962.0;1
273900;;;RAINFOREST_RESIN;SEASHELLS;10002.0;2
273900;;;RAINFOREST_RESIN;SEASHELLS;10002.0;1
273900;;;RAINFOREST_RESIN;SEASHELLS;10002.0;1
274300;;;RAINFOREST_RESIN;SEASHELLS;9998.0;1
274400;;;RAINFOREST_RESIN;SEASHELLS;9998.0;1
274500;;;RAINFOREST_RESIN;SEASHELLS;9996.0;2
275000;;;KELP;SEASHELLS;2023.0;1
275000;;;SQUID_INK;SEASHELLS;1962.0;1
275100;;;KELP;SEASHELLS;2023.0;11
275100;;;KELP;SEASHELLS;2026.0;1
275100;;;RAINFOREST_RESIN;SEASHELLS;10002.0;1
275100;;;SQUID_INK;SEASHELLS;1960.0;11
275100;;;SQUID_INK;SEASHELLS;1963.0;1
275400;;;RAINFOREST_RESIN;SEASHELLS;10002.0;5
275500;;;KELP;SEASHELLS;2023.0;2
275500;;;KELP;SEASHELLS;2024.0;5
275500;;;RAINFOREST_RESIN;SEASHELLS;9998.0;2
275500;;;SQUID_INK;SEASHELLS;1963.0;2
275500;;;SQUID_INK;SEASHELLS;1964.0;5
276300;;;RAINFOREST_RESIN;SEASHELLS;10002.0;1
276500;;;RAINFOREST_RESIN;SEASHELLS;10002.0;1
276700;;;KELP;SEASHELLS;2023.0;2
276700;;;RAINFOREST_RESIN;SEASHELLS;9995.0;2
276700;;;SQUID_INK;SEASHELLS;1962.0;2
276800;;;SQUID_INK;SEASHELLS;1966.0;4
277200;;;KELP;SEASHELLS;2027.0;2
277200;;;RAINFOREST_RESIN;SEASHELLS;9998.0;1
277200;;;SQUID_INK;SEASHELLS;1967.0;2
277300;;;KELP;SEASHELLS;2024.0;1
277300;;;RAINFOREST_RESIN;SEASHELLS;10002.0;1
277300;;;SQUID_INK;SEASHELLS;1964.0;1
277800;;;KELP;SEASHELLS;2025.0;1
277800;;;SQUID_INK;SEASHELLS;1965.0;1
278300;;;KELP;SEASHELLS;2023.0;2
278300;;;RAINFOREST_RESIN;SEASHELLS;9998.0;2
278300;;;SQUID_INK;SEASHELLS;1963.0;2
278400;;;KELP;SEASHELLS;2025.0;2
279100;;;KELP;SEASHELLS;2023.0;1
279100;;;SQUID_INK;SEASHELLS;1956.0;1
279300;;;KELP;SEASHELLS;2025.0;3
279300;;;SQUID_INK;SEASHELLS;1959.0;1
279300;;;SQUID_INK;SEASHELLS;1958.0;2
279600;;;RAINFOREST_RESIN;SEASHELLS;9998.0;2
279700;;;RAINFOREST_RESIN;SEASHELLS;9998.0;2
280100;;;KELP;SEASHELLS;2023.0;2
280100;;;RAINFOREST_RESIN;SEASHELLS;9995.0;2
280100;;;SQUID_INK;SEASHELLS;1956.0;2
280300;;;KELP;SEASHELLS;2023.0;1
280300;;;KELP;SEASHELLS;2023.0;3
280300;;;SQUID_INK;SEASHELLS;1958.0;1
280500;;;KELP;SEASHELLS;2026.0;1
280500;;;RAINFOREST_RESIN;SEASHELLS;9998.0;1
280500;;;SQUID_INK;SEASHELLS;1960.0;1
280700;;;RAINFOREST_RESIN;SEASHELLS;9998.0;1
281500;;;RAINFOREST_RESIN;SEASHELLS;10002.0;1
281500;;;RAINFOREST_RESIN;SEASHELLS;10002.0;7
281900;;;KELP;SEASHELLS;2026.0;1
281900;;;RAINFOREST_RESIN;SEASHELLS;10005.0;1
281900;;;SQUID_INK;SEASHELLS;1964.0;1
282300;;;KELP;SEASHELLS;2025.0;1
282300;;;RAINFOREST_RESIN;SEASHELLS;10002.0;1
282300;;;SQUID_INK;SEASHELLS;1963.0;1
282700;;;KELP;SEASHELLS;2023.0;1
282700;;;RAINFOREST_RESIN;SEASHELLS;9995.0;1
282700;;;SQUID_INK;SEASHELLS;1960.0;1
283000;;;KELP;SEASHELLS;2022.0;1
283000;;;SQUID_INK;SEASHELLS;1961.0;1
283400;;;KELP;SEASHELLS;2022.0;1
283400;;;SQUID_INK;SEASHELLS;1961.0;1
283800;;;KELP;SEASHELLS;2022.0;1
284000;;;KELP;SEASHELLS;2022.0;1
284000;;;KELP;SEASHELLS;2022.0;5
284000;;;KELP;SEASHELLS;2022.0;9
284000;;;SQUID_INK;SEASHELLS;1960.0;1
284000;;;SQUID_INK;SEASHELLS;1960.0;5
284000;;;SQUID_INK;SEASHELLS;1960.0;9
284300;;;KELP;SEASHELLS;2024.0;1
284300;;;RAINFOREST_RESIN;SEASHELLS;9998.0;1
284300;;;SQUID_INK;SEASHELLS;1961.0;1
284400;;;KELP;SEASHELLS;2023.0;2
284400;;;KELP;SEASHELLS;2023.0;2
284400;;;SQUID_INK;SEASHELLS;1960.0;4
284500;;;KELP;SEASHELLS;2025.0;5
284500;;;SQUID_INK;SEASHELLS;1963.0;5
284600;;;KELP;SEASHELLS;2024.0;1
284600;;;SQUID_INK;SEASHELLS;1965.0;1
284700;;;KELP;SEASHELLS;2023.0;3
284700;;;SQUID_INK;SEASHELLS;1965.0;3
284800;;;KELP;SEASHELLS;2022.0;1
284800;;;SQUID_INK;SEASHELLS;1965.0;1
285000;;;KELP;SEASHELLS;2025.0;13
285000;;;KELP;SEASHELLS;2024.0;1
285000;;;SQUID_INK;SEASHELLS;1972.0;13
285000;;;SQUID_INK;SEASHELLS;1971.0;1
285500;;;KELP;SEASHELLS;2022.0;1
285500;;;SQUID_INK;SEASHELLS;1973.0;1
285800;;;KELP;SEASHELLS;2021.0;7
285800;;;RAINFOREST_RESIN;SEASHELLS;9998.0;3
285800;;;RAINFOREST_RESIN;SEASHELLS;10004.0;2
285800;;;SQUID_INK;SEASHELLS;1973.0;7
285900;;;KELP;SEASHELLS;2022.0;5
285900;;;SQUID_INK;SEASHELLS;1972.0;5
286200;;;RAINFOREST_RESIN;SEASHELLS;9998.0;1
286300;;;KELP;SEASHELLS;2021.0;15
286300;;;RAINFOREST_RESIN;SEASHELLS;10002.0;1
286300;;;SQUID_INK;SEASHELLS;1973.0;15
286400;;;RAINFOREST_RESIN;SEASHELLS;10002.0;2
286500;;;KELP;SEASHELLS;2021.0;1
286500;;;SQUID_INK;SEASHELLS;1974.0;1
286900;;;KELP;SEASHELLS;2021.0;1
286900;;;SQUID_INK;SEASHELLS;1974.0;1
287400;;;KELP;SEASHELLS;2021.0;1
287400;;;SQUID_INK;SEASHELLS;1970.0;1
287500;;;KELP;SEASHELLS;2021.0;7
287500;;;SQUID_INK;SEASHELLS;1970.0;7
287700;;;RAINFOREST_RESIN;SEASHELLS;9998.0;1
287900;;;RAINFOREST_RESIN;SEASHELLS;9998.0;1
288100;;;KELP;SEASHELLS;2023.0;1
288100;;;RAINFOREST_RESIN;SEASHELLS;10002.0;1
288100;;;SQUID_INK;SEASHELLS;1972.0;1
288900;;;KELP;SEASHELLS;2023.0;1
289400;;;KELP;SEASHELLS;2020.0;1
289400;;;RAINFOREST_RESIN;SEASHELLS;9995.0;1
289400;;;SQUID_INK;SEASHELLS;1972.0;1
289700;;;RAINFOREST_RESIN;SEASHELLS;9998.0;1
289800;;;KELP;SEASHELLS;2021.0;2
289800;;;RAINFOREST_RESIN;SEASHELLS;9998.0;1
289800;;;RAINFOREST_RESIN;SEASHELLS;10000.0;2
289800;;;SQUID_INK;SEASHELLS;1975.0;2
289900;;;RAINFOREST_RESIN;SEASHELLS;9998.0;1
289900;;;SQUID_INK;SEASHELLS;1975.0;2
290300;;;KELP;SEASHELLS;2020.0;5
290300;;;SQUID_INK;SEASHELLS;1973.0;1
290300;;;SQUID_INK;SEASHELLS;1973.0;4
290500;;;RAINFOREST_RESIN;SEASHELLS;9998.0;2
290700;;;RAINFOREST_RESIN;SEASHELLS;10002.0;1
290800;;;RAINFOREST_RESIN;SEASHELLS;10004.0;2
290800;;;RAINFOREST_RESIN;SEASHELLS;10004.0;10
290800;;;RAINFOREST_RESIN;SEASHELLS;10002.0;1
290900;;;KELP;SEASHELLS;2018.0;4
290900;;;KELP;SEASHELLS;2018.0;1
290900;;;SQUID_INK;SEASHELLS;1971.0;1
291000;;;RAINFOREST_RESIN;SEASHELLS;9998.0;1
291100;;;KELP;SEASHELLS;2021.0;14
291100;;;KELP;SEASHELLS;2020.0;1
291100;;;RAINFOREST_RESIN;SEASHELLS;10002.0;2
291100;;;SQUID_INK;SEASHELLS;1975.0;14
291100;;;SQUID_INK;SEASHELLS;1974.0;1
292100;;;KELP;SEASHELLS;2021.0;5
292300;;;KELP;SEASHELLS;2021.0;1
292300;;;SQUID_INK;SEASHELLS;1973.0;1
292800;;;RAINFOREST_RESIN;SEASHELLS;9998.0;5
293500;;;KELP;SEASHELLS;2020.0;1
293500;;;KELP;SEASHELLS;2020.0;7
293500;;;SQUID_INK;SEASHELLS;1967.0;7
293600;;;KELP;SEASHELLS;2020.0;2
293600;;;RAINFOREST_RESIN;SEASHELLS;9996.0;1
293600;;;RAINFOREST_RESIN;SEASHELLS;9996.0;1
293600;;;SQUID_INK;SEASHELLS;1968.0;1
293600;;;SQUID_INK;SEASHELLS;1968.0;1
294100;;;RAINFOREST_RESIN;SEASHELLS;10002.0;1
294400;;;KELP;SEASHELLS;2022.0;1
294400;;;KELP;SEASHELLS;2024.0;1
294400;;;RAINFOREST_RESIN;SEASHELLS;10004.0;1
294400;;;RAINFOREST_RESIN;SEASHELLS;10002.0;1
294400;;;SQUID_INK;SEASHELLS;1969.0;1
294400;;;SQUID_INK;SEASHELLS;1971.0;1
294600;;;RAINFOREST_RESIN;SEASHELLS;9995.0;8
294700;;;KELP;SEASHELLS;2021.0;1
294700;;;SQUID_INK;SEASHELLS;1966.0;1
295300;;;KELP;SEASHELLS;2023.0;1
295300;;;RAINFOREST_RESIN;SEASHELLS;10004.0;1
295300;;;SQUID_INK;SEASHELLS;1970.0;1
295400;;;KELP;SEASHELLS;2020.0;10
295400;;;KELP;SEASHELLS;2021.0;5
295400;;;SQUID_INK;SEASHELLS;1966.0;10
295400;;;SQUID_INK;SEASHELLS;1967.0;5
295600;;;SQUID_INK;SEASHELLS;1968.0;1
295800;;;KELP;SEASHELLS;2020.0;2
295800;;;RAINFOREST_RESIN;SEASHELLS;9996.0;2
295800;;;SQUID_INK;SEASHELLS;1965.0;2
296000;;;RAINFOREST_RESIN;SEASHELLS;9998.0;1
296100;;;KELP;SEASHELLS;2022.0;1
296100;;;RAINFOREST_RESIN;SEASHELLS;9998.0;1
296100;;;SQUID_INK;SEASHELLS;1965.0;1
296300;;;KELP;SEASHELLS;2022.0;1
296300;;;RAINFOREST_RESIN;SEASHELLS;10005.0;1
296300;;;SQUID_INK;SEASHELLS;1964.0;1
296500;;;RAINFOREST_RESIN;SEASHELLS;10004.0;2
296700;;;RAINFOREST_RESIN;SEASHELLS;10002.0;5
297200;;;KELP;SEASHELLS;2020.0;1
297200;;;KELP;SEASHELLS;2023.0;2
297200;;;RAINFOREST_RESIN;SEASHELLS;10004.0;1
297200;;;RAINFOREST_RESIN;SEASHELLS;10004.0;1
297200;;;SQUID_INK;SEASHELLS;1959.0;1
297200;;;SQUID_INK;SEASHELLS;1962.0;2
297800;;;SQUID_INK;SEASHELLS;1960.0;1
297900;;;KELP;SEASHELLS;2023.0;11
297900;;;SQUID_INK;SEASHELLS;1959.0;11
298800;;;RAINFOREST_RESIN;SEASHELLS;9998.0;1
299000;;;KELP;SEASHELLS;2020.0;1
299000;;;SQUID_INK;SEASHELLS;1955.0;1
299100;;;KELP;SEASHELLS;2023.0;2
299100;;;RAINFOREST_RESIN;SEASHELLS;9998.0;1
299100;;;SQUID_INK;SEASHELLS;1958.0;2
299400;;;KELP;SEASHELLS;2022.0;1
299400;;;SQUID_INK;SEASHELLS;1955.0;1
299500;;;KELP;SEASHELLS;2020.0;1
299500;;;KELP;SEASHELLS;2019.0;1
299500;;;KELP;SEASHELLS;2020.0;11
299500;;;RAINFOREST_RESIN;SEASHELLS;9996.0;1
299500;;;SQUID_INK;SEASHELLS;1951.0;12
299500;;;SQUID_INK;SEASHELLS;1951.0;1
299600;;;RAINFOREST_RESIN;SEASHELLS;10004.0;1
299800;;;KELP;SEASHELLS;2020.0;1
299800;;;KELP;SEASHELLS;2021.0;4
299800;;;SQUID_INK;SEASHELLS;1944.0;1
299800;;;SQUID_INK;SEASHELLS;1945.0;4
300300;;;KELP;SEASHELLS;2019.0;3
300300;;;SQUID_INK;SEASHELLS;1947.0;3
300900;;;KELP;SEASHELLS;2019.0;1
300900;;;SQUID_INK;SEASHELLS;1948.0;1
301000;;;KELP;SEASHELLS;2019.0;2
301000;;;RAINFOREST_RESIN;SEASHELLS;9996.0;2
301000;;;RAINFOREST_RESIN;SEASHELLS;9995.0;2
301000;;;SQUID_INK;SEASHELLS;1947.0;2
301100;;;SQUID_INK;SEASHELLS;1950.0;1
301300;;;KELP;SEASHELLS;2023.0;13
301300;;;SQUID_INK;SEASHELLS;1954.0;13
301500;;;KELP;SEASHELLS;2019.0;1
301500;;;RAINFOREST_RESIN;SEASHELLS;9998.0;3
301500;;;RAINFOREST_RESIN;SEASHELLS;9998.0;5
301500;;;SQUID_INK;SEASHELLS;1950.0;1
301600;;;KELP;SEASHELLS;2020.0;1
301600;;;RAINFOREST_RESIN;SEASHELLS;10002.0;1
301600;;;SQUID_INK;SEASHELLS;1951.0;1
302000;;;KELP;SEASHELLS;2019.0;1
302000;;;RAINFOREST_RESIN;SEASHELLS;9996.0;1
302000;;;SQUID_INK;SEASHELLS;1953.0;1
302500;;;SQUID_INK;SEASHELLS;1955.0;3
302800;;;KELP;SEASHELLS;2020.0;1
302800;;;RAINFOREST_RESIN;SEASHELLS;10002.0;6
302800;;;SQUID_INK;SEASHELLS;1954.0;1
302800;;;SQUID_INK;SEASHELLS;1954.0;3
303300;;;KELP;SEASHELLS;2019.0;1
303300;;;KELP;SEASHELLS;2019.0;10
303300;;;SQUID_INK;SEASHELLS;1955.0;1
303300;;;SQUID_INK;SEASHELLS;1955.0;10
303400;;;RAINFOREST_RESIN;SEASHELLS;10002.0;5
303400;;;SQUID_INK;SEASHELLS;1957.0;1
303500;;;RAINFOREST_RESIN;SEASHELLS;10002.0;2
304000;;;RAINFOREST_RESIN;SEASHELLS;9998.0;1
304600;;;KELP;SEASHELLS;2021.0;1
304600;;;RAINFOREST_RESIN;SEASHELLS;9998.0;1
304600;;;SQUID_INK;SEASHELLS;1961.0;1
305700;;;RAINFOREST_RESIN;SEASHELLS;10002.0;1
305800;;;KELP;SEASHELLS;2019.0;2
305800;;;RAINFOREST_RESIN;SEASHELLS;9995.0;2
305800;;;SQUID_INK;SEASHELLS;1961.0;2
306000;;;KELP;SEASHELLS;2021.0;7
306200;;;KELP;SEASHELLS;2019.0;1
306200;;;SQUID_INK;SEASHELLS;1960.0;1
306400;;;KELP;SEASHELLS;2022.0;9
306400;;;KELP;SEASHELLS;2022.0;2
306400;;;RAINFOREST_RESIN;SEASHELLS;10004.0;1
306400;;;RAINFOREST_RESIN;SEASHELLS;10004.0;1
306400;;;SQUID_INK;SEASHELLS;1964.0;9
306400;;;SQUID_INK;SEASHELLS;1964.0;2
306600;;;KELP;SEASHELLS;2021.0;1
306600;;;SQUID_INK;SEASHELLS;1963.0;1
307000;;;KELP;SEASHELLS;2022.0;1
307000;;;KELP;SEASHELLS;2021.0;1
307000;;;RAINFOREST_RESIN;SEASHELLS;10004.0;1
307000;;;SQUID_INK;SEASHELLS;1965.0;1
307000;;;SQUID_INK;SEASHELLS;1964.0;1
307600;;;RAINFOREST_RESIN;SEASHELLS;10002.0;3
307700;;;KELP;SEASHELLS;2020.0;1
307700;;;RAINFOREST_RESIN;SEASHELLS;10002.0;4
307700;;;SQUID_INK;SEASHELLS;1957.0;1
308000;;;KELP;SEASHELLS;2021.0;1
308000;;;RAINFOREST_RESIN;SEASHELLS;9995.0;3
308900;;;SQUID_INK;SEASHELLS;1957.0;1
309000;;;KELP;SEASHELLS;2022.0;1
309000;;;KELP;SEASHELLS;2022.0;2
309000;;;SQUID_INK;SEASHELLS;1957.0;1
309000;;;SQUID_INK;SEASHELLS;1957.0;2
309300;;;RAINFOREST_RESIN;SEASHELLS;9998.0;1
309400;;;RAINFOREST_RESIN;SEASHELLS;9998.0;1
309600;;;KELP;SEASHELLS;2020.0;2
