timestamp;buyer;seller;symbol;currency;price;quantity
100;;;RAINFOREST_RESIN;SEASHELLS;10002.0;1
300;;;KELP;SEASHELLS;2029.0;6
300;;;RAINFOREST_RESIN;SEASHELLS;9998.0;2
300;;;RAINFOREST_RESIN;SEASHELLS;9998.0;1
300;;;SQUID_INK;SEASHELLS;1965.0;6
500;;;KELP;SEASHELLS;2031.0;1
500;;;RAINFOREST_RESIN;SEASHELLS;10004.0;1
500;;;RAINFOREST_RESIN;SEASHELLS;10002.0;1
500;;;SQUID_INK;SEASHELLS;1970.0;1
1300;;;KELP;SEASHELLS;2031.0;2
1300;;;SQUID_INK;SEASHELLS;1970.0;2
1300;;;SQUID_INK;SEASHELLS;1968.0;5
1400;;;KELP;SEASHELLS;2029.0;1
1400;;;SQUID_INK;SEASHELLS;1969.0;1
1500;;;KELP;SEASHELLS;2032.0;1
1500;;;RAINFOREST_RESIN;SEASHELLS;10002.0;1
1500;;;SQUID_INK;SEASHELLS;1971.0;1
1700;;;RAINFOREST_RESIN;SEASHELLS;10005.0;6
2000;;;KELP;SEASHELLS;2030.0;7
2000;;;SQUID_INK;SEASHELLS;1972.0;7
2400;;;SQUID_INK;SEASHELLS;1975.0;10
2700;;;RAINFOREST_RESIN;SEASHELLS;9998.0;5
2800;;;KELP;SEASHELLS;2033.0;1
2900;;;RAINFOREST_RESIN;SEASHELLS;9998.0;1
3100;;;KELP;SEASHELLS;2031.0;1
3100;;;SQUID_INK;SEASHELLS;1972.0;1
3300;;;RAINFOREST_RESIN;SEASHELLS;9996.0;2
3300;;;RAINFOREST_RESIN;SEASHELLS;9996.0;2
3700;;;KELP;SEASHELLS;2033.0;1
3700;;;SQUID_INK;SEASHELLS;1973.0;1
3700;;;SQUID_INK;SEASHELLS;1972.0;4
3800;;;KELP;SEASHELLS;2030.0;11
3800;;;SQUID_INK;SEASHELLS;1971.0;11
4200;;;KELP;SEASHELLS;2030.0;3
4200;;;KELP;SEASHELLS;2030.0;2
4200;;;SQUID_INK;SEASHELLS;1971.0;3
4200;;;SQUID_INK;SEASHELLS;1971.0;2
4300;;;KELP;SEASHELLS;2030.0;1
4300;;;RAINFOREST_RESIN;SEASHELLS;9996.0;2
4300;;;RAINFOREST_RESIN;SEASHELLS;9995.0;1
4300;;;RAINFOREST_RESIN;SEASHELLS;9996.0;1
4300;;;SQUID_INK;SEASHELLS;1970.0;1
4400;;;KELP;SEASHELLS;2030.0;1
4400;;;RAINFOREST_RESIN;SEASHELLS;9998.0;1
4400;;;SQUID_INK;SEASHELLS;1971.0;1
4800;;;KELP;SEASHELLS;2031.0;1
4800;;;RAINFOREST_RESIN;SEASHELLS;10002.0;3
4800;;;SQUID_INK;SEASHELLS;1973.0;1
4900;;;RAINFOREST_RESIN;SEASHELLS;9998.0;1
4900;;;RAINFOREST_RESIN;SEASHELLS;9998.0;4
5400;;;KELP;SEASHELLS;2030.0;6
5400;;;SQUID_INK;SEASHELLS;1973.0;6
6300;;;KELP;SEASHELLS;2029.0;1
6300;;;SQUID_INK;SEASHELLS;1973.0;1
6700;;;RAINFOREST_RESIN;SEASHELLS;10002.0;4
6800;;;KELP;SEASHELLS;2029.0;2
6800;;;RAINFOREST_RESIN;SEASHELLS;9998.0;1
6800;;;RAINFOREST_RESIN;SEASHELLS;9996.0;1
6800;;;RAINFOREST_RESIN;SEASHELLS;9996.0;1
6800;;;SQUID_INK;SEASHELLS;1975.0;1
6800;;;SQUID_INK;SEASHELLS;1975.0;1
6900;;;KELP;SEASHELLS;2032.0;1
6900;;;SQUID_INK;SEASHELLS;1975.0;1
7200;;;KELP;SEASHELLS;2033.0;1
7200;;;RAINFOREST_RESIN;SEASHELLS;10004.0;1
7200;;;SQUID_INK;SEASHELLS;1979.0;1
7300;;;KELP;SEASHELLS;2030.0;15
7300;;;SQUID_INK;SEASHELLS;1975.0;15
7400;;;RAINFOREST_RESIN;SEASHELLS;10002.0;1
7700;;;KELP;SEASHELLS;2032.0;1
7700;;;KELP;SEASHELLS;2032.0;1
7700;;;RAINFOREST_RESIN;SEASHELLS;10005.0;1
7700;;;SQUID_INK;SEASHELLS;1976.0;1
7700;;;SQUID_INK;SEASHELLS;1976.0;1
7800;;;KELP;SEASHELLS;2032.0;1
7800;;;SQUID_INK;SEASHELLS;1976.0;1
7900;;;KELP;SEASHELLS;2032.0;1
7900;;;RAINFOREST_RESIN;SEASHELLS;10002.0;1
7900;;;SQUID_INK;SEASHELLS;1974.0;1
8100;;;KELP;SEASHELLS;2033.0;14
8100;;;SQUID_INK;SEASHELLS;1976.0;14
8200;;;RAINFOREST_RESIN;SEASHELLS;9998.0;1
8300;;;KELP;SEASHELLS;2033.0;11
8300;;;SQUID_INK;SEASHELLS;1980.0;11
8900;;;RAINFOREST_RESIN;SEASHELLS;10002.0;5
9300;;;KELP;SEASHELLS;2032.0;4
9600;;;KELP;SEASHELLS;2032.0;1
9600;;;KELP;SEASHELLS;2032.0;1
9600;;;KELP;SEASHELLS;2030.0;6
9600;;;SQUID_INK;SEASHELLS;1983.0;1
9600;;;SQUID_INK;SEASHELLS;1983.0;1
10100;;;KELP;SEASHELLS;2032.0;4
10300;;;KELP;SEASHELLS;2033.0;2
10300;;;RAINFOREST_RESIN;SEASHELLS;10004.0;2
10300;;;SQUID_INK;SEASHELLS;1985.0;2
10600;;;RAINFOREST_RESIN;SEASHELLS;9998.0;1
10600;;;RAINFOREST_RESIN;SEASHELLS;9998.0;1
10700;;;KELP;SEASHELLS;2029.0;6
10700;;;SQUID_INK;SEASHELLS;1981.0;6
10800;;;KELP;SEASHELLS;2029.0;1
10800;;;RAINFOREST_RESIN;SEASHELLS;10002.0;1
10800;;;SQUID_INK;SEASHELLS;1981.0;1
11100;;;RAINFOREST_RESIN;SEASHELLS;9996.0;2
11300;;;KELP;SEASHELLS;2033.0;6
11300;;;SQUID_INK;SEASHELLS;1983.0;6
11400;;;RAINFOREST_RESIN;SEASHELLS;9998.0;1
12100;;;KELP;SEASHELLS;2030.0;2
12100;;;RAINFOREST_RESIN;SEASHELLS;10002.0;1
12100;;;SQUID_INK;SEASHELLS;1979.0;15
12300;;;RAINFOREST_RESIN;SEASHELLS;10002.0;1
12500;;;RAINFOREST_RESIN;SEASHELLS;10002.0;5
13300;;;KELP;SEASHELLS;2032.0;1
13300;;;SQUID_INK;SEASHELLS;1974.0;1
13600;;;SQUID_INK;SEASHELLS;1976.0;5
13700;;;RAINFOREST_RESIN;SEASHELLS;9998.0;1
14000;;;KELP;SEASHELLS;2033.0;1
14000;;;RAINFOREST_RESIN;SEASHELLS;9996.0;1
14000;;;SQUID_INK;SEASHELLS;1976.0;1
14300;;;KELP;SEASHELLS;2031.0;1
14300;;;SQUID_INK;SEASHELLS;1974.0;1
14500;;;KELP;SEASHELLS;2030.0;1
14500;;;KELP;SEASHELLS;2031.0;2
14500;;;SQUID_INK;SEASHELLS;1976.0;1
14500;;;SQUID_INK;SEASHELLS;1977.0;2
14800;;;KELP;SEASHELLS;2030.0;1
14800;;;SQUID_INK;SEASHELLS;1977.0;1
15000;;;KELP;SEASHELLS;2030.0;1
15000;;;SQUID_INK;SEASHELLS;1977.0;1
15100;;;KELP;SEASHELLS;2033.0;1
15100;;;RAINFOREST_RESIN;SEASHELLS;10002.0;1
15200;;;KELP;SEASHELLS;2031.0;7
15200;;;KELP;SEASHELLS;2031.0;1
15200;;;SQUID_INK;SEASHELLS;1977.0;7
15400;;;KELP;SEASHELLS;2033.0;1
15400;;;RAINFOREST_RESIN;SEASHELLS;10002.0;1
15400;;;SQUID_INK;SEASHELLS;1974.0;1
15500;;;KELP;SEASHELLS;2032.0;1
15500;;;KELP;SEASHELLS;2030.0;4
15500;;;SQUID_INK;SEASHELLS;1975.0;1
15500;;;SQUID_INK;SEASHELLS;1972.0;4
15800;;;KELP;SEASHELLS;2030.0;11
15800;;;RAINFOREST_RESIN;SEASHELLS;9998.0;4
15800;;;SQUID_INK;SEASHELLS;1973.0;2
15800;;;SQUID_INK;SEASHELLS;1973.0;9
16200;;;KELP;SEASHELLS;2032.0;1
16200;;;KELP;SEASHELLS;2032.0;3
16200;;;SQUID_INK;SEASHELLS;1970.0;1
16200;;;SQUID_INK;SEASHELLS;1970.0;3
16400;;;KELP;SEASHELLS;2030.0;4
16700;;;KELP;SEASHELLS;2030.0;1
16700;;;SQUID_INK;SEASHELLS;1966.0;1
16800;;;KELP;SEASHELLS;2033.0;2
16800;;;RAINFOREST_RESIN;SEASHELLS;10002.0;2
16800;;;SQUID_INK;SEASHELLS;1968.0;2
17100;;;KELP;SEASHELLS;2030.0;1
17100;;;SQUID_INK;SEASHELLS;1964.0;1
17300;;;RAINFOREST_RESIN;SEASHELLS;9998.0;1
18000;;;SQUID_INK;SEASHELLS;1965.0;5
18200;;;KELP;SEASHELLS;2033.0;7
18200;;;SQUID_INK;SEASHELLS;1968.0;1
18600;;;RAINFOREST_RESIN;SEASHELLS;10002.0;1
18700;;;KELP;SEASHELLS;2031.0;5
18700;;;KELP;SEASHELLS;2031.0;3
18700;;;SQUID_INK;SEASHELLS;1966.0;5
18700;;;SQUID_INK;SEASHELLS;1966.0;3
18900;;;KELP;SEASHELLS;2033.0;2
18900;;;RAINFOREST_RESIN;SEASHELLS;10004.0;1
18900;;;SQUID_INK;SEASHELLS;1967.0;2
19000;;;KELP;SEASHELLS;2030.0;1
19000;;;KELP;SEASHELLS;2031.0;2
19000;;;SQUID_INK;SEASHELLS;1964.0;1
19000;;;SQUID_INK;SEASHELLS;1966.0;2
20100;;;KELP;SEASHELLS;2033.0;12
20100;;;RAINFOREST_RESIN;SEASHELLS;9998.0;1
20100;;;SQUID_INK;SEASHELLS;1972.0;12
20600;;;KELP;SEASHELLS;2033.0;1
20600;;;RAINFOREST_RESIN;SEASHELLS;10004.0;1
20600;;;SQUID_INK;SEASHELLS;1973.0;1
20800;;;KELP;SEASHELLS;2032.0;1
20800;;;SQUID_INK;SEASHELLS;1972.0;1
20900;;;RAINFOREST_RESIN;SEASHELLS;10004.0;1
21100;;;KELP;SEASHELLS;2030.0;2
21100;;;RAINFOREST_RESIN;SEASHELLS;9998.0;1
21100;;;RAINFOREST_RESIN;SEASHELLS;9998.0;1
21100;;;SQUID_INK;SEASHELLS;1972.0;2
21300;;;KELP;SEASHELLS;2030.0;1
21300;;;SQUID_INK;SEASHELLS;1975.0;1
21600;;;KELP;SEASHELLS;2030.0;1
21600;;;RAINFOREST_RESIN;SEASHELLS;10002.0;1
21600;;;SQUID_INK;SEASHELLS;1976.0;1
21800;;;KELP;SEASHELLS;2030.0;1
21900;;;KELP;SEASHELLS;2031.0;1
21900;;;RAINFOREST_RESIN;SEASHELLS;9996.0;1
21900;;;SQUID_INK;SEASHELLS;1977.0;1
22000;;;KELP;SEASHELLS;2031.0;1
22000;;;RAINFOREST_RESIN;SEASHELLS;10000.0;2
22000;;;SQUID_INK;SEASHELLS;1977.0;1
22000;;;SQUID_INK;SEASHELLS;1978.0;2
22100;;;KELP;SEASHELLS;2031.0;1
22100;;;KELP;SEASHELLS;2031.0;1
22100;;;RAINFOREST_RESIN;SEASHELLS;9996.0;1
22100;;;SQUID_INK;SEASHELLS;1976.0;1
22100;;;SQUID_INK;SEASHELLS;1976.0;1
22400;;;RAINFOREST_RESIN;SEASHELLS;10002.0;1
22400;;;RAINFOREST_RESIN;SEASHELLS;10002.0;2
22500;;;RAINFOREST_RESIN;SEASHELLS;10002.0;6
22700;;;KELP;SEASHELLS;2034.0;9
22700;;;SQUID_INK;SEASHELLS;1982.0;9
23200;;;RAINFOREST_RESIN;SEASHELLS;9998.0;1
23300;;;SQUID_INK;SEASHELLS;1983.0;2
23700;;;KELP;SEASHELLS;2034.0;5
23700;;;SQUID_INK;SEASHELLS;1984.0;5
23900;;;KELP;SEASHELLS;2033.0;1
24200;;;RAINFOREST_RESIN;SEASHELLS;9998.0;1
24200;;;SQUID_INK;SEASHELLS;1986.0;1
24200;;;SQUID_INK;SEASHELLS;1984.0;14
24300;;;RAINFOREST_RESIN;SEASHELLS;10002.0;5
24300;;;RAINFOREST_RESIN;SEASHELLS;10002.0;1
24500;;;KELP;SEASHELLS;2030.0;1
24500;;;RAINFOREST_RESIN;SEASHELLS;9998.0;1
24500;;;RAINFOREST_RESIN;SEASHELLS;9998.0;1
24500;;;SQUID_INK;SEASHELLS;1984.0;1
24700;;;KELP;SEASHELLS;2034.0;1
24700;;;RAINFOREST_RESIN;SEASHELLS;10004.0;1
24700;;;SQUID_INK;SEASHELLS;1985.0;1
25100;;;KELP;SEASHELLS;2034.0;2
25100;;;RAINFOREST_RESIN;SEASHELLS;10005.0;2
25100;;;SQUID_INK;SEASHELLS;1984.0;2
25200;;;KELP;SEASHELLS;2031.0;1
25300;;;KELP;SEASHELLS;2031.0;1
25300;;;RAINFOREST_RESIN;SEASHELLS;9996.0;1
25300;;;SQUID_INK;SEASHELLS;1978.0;1
25400;;;KELP;SEASHELLS;2034.0;1
25400;;;RAINFOREST_RESIN;SEASHELLS;10004.0;1
25400;;;SQUID_INK;SEASHELLS;1981.0;1
26400;;;KELP;SEASHELLS;2031.0;1
26400;;;SQUID_INK;SEASHELLS;1974.0;1
26500;;;KELP;SEASHELLS;2034.0;2
26500;;;KELP;SEASHELLS;2033.0;1
26500;;;RAINFOREST_RESIN;SEASHELLS;10002.0;2
26500;;;SQUID_INK;SEASHELLS;1982.0;2
26500;;;SQUID_INK;SEASHELLS;1981.0;1
26600;;;RAINFOREST_RESIN;SEASHELLS;10002.0;3
26700;;;KELP;SEASHELLS;2033.0;2
26700;;;SQUID_INK;SEASHELLS;1976.0;2
26900;;;RAINFOREST_RESIN;SEASHELLS;9998.0;1
27400;;;KELP;SEASHELLS;2031.0;2
27400;;;KELP;SEASHELLS;2031.0;3
27400;;;RAINFOREST_RESIN;SEASHELLS;10004.0;1
27400;;;SQUID_INK;SEASHELLS;1969.0;2
27600;;;RAINFOREST_RESIN;SEASHELLS;9998.0;1
27700;;;KELP;SEASHELLS;2033.0;3
27700;;;RAINFOREST_RESIN;SEASHELLS;9996.0;2
27700;;;RAINFOREST_RESIN;SEASHELLS;9996.0;4
27700;;;SQUID_INK;SEASHELLS;1970.0;3
27900;;;RAINFOREST_RESIN;SEASHELLS;9998.0;4
28000;;;KELP;SEASHELLS;2034.0;1
28000;;;RAINFOREST_RESIN;SEASHELLS;10002.0;1
28000;;;SQUID_INK;SEASHELLS;1974.0;1
28100;;;KELP;SEASHELLS;2031.0;1
28100;;;KELP;SEASHELLS;2031.0;2
28100;;;KELP;SEASHELLS;2031.0;1
28100;;;RAINFOREST_RESIN;SEASHELLS;9995.0;1
28100;;;SQUID_INK;SEASHELLS;1971.0;1
28100;;;SQUID_INK;SEASHELLS;1972.0;3
28600;;;KELP;SEASHELLS;2031.0;1
28600;;;SQUID_INK;SEASHELLS;1971.0;1
28700;;;RAINFOREST_RESIN;SEASHELLS;9996.0;1
28700;;;RAINFOREST_RESIN;SEASHELLS;9996.0;7
29000;;;KELP;SEASHELLS;2034.0;1
29000;;;RAINFOREST_RESIN;SEASHELLS;10005.0;1
29000;;;SQUID_INK;SEASHELLS;1973.0;1
29200;;;RAINFOREST_RESIN;SEASHELLS;10002.0;1
29200;;;RAINFOREST_RESIN;SEASHELLS;10002.0;1
29200;;;SQUID_INK;SEASHELLS;1971.0;2
29300;;;KELP;SEASHELLS;2031.0;1
29300;;;SQUID_INK;SEASHELLS;1972.0;1
29900;;;KELP;SEASHELLS;2031.0;6
29900;;;RAINFOREST_RESIN;SEASHELLS;10002.0;4
30000;;;KELP;SEASHELLS;2032.0;1
30000;;;SQUID_INK;SEASHELLS;1969.0;1
30100;;;KELP;SEASHELLS;2032.0;5
30100;;;SQUID_INK;SEASHELLS;1970.0;5
30700;;;KELP;SEASHELLS;2030.0;1
30700;;;SQUID_INK;SEASHELLS;1960.0;1
31200;;;KELP;SEASHELLS;2030.0;1
31200;;;SQUID_INK;SEASHELLS;1963.0;1
31500;;;KELP;SEASHELLS;2030.0;1
31500;;;SQUID_INK;SEASHELLS;1964.0;1
31700;;;KELP;SEASHELLS;2033.0;1
31700;;;RAINFOREST_RESIN;SEASHELLS;9998.0;1
31700;;;RAINFOREST_RESIN;SEASHELLS;9998.0;3
31700;;;SQUID_INK;SEASHELLS;1966.0;1
32000;;;RAINFOREST_RESIN;SEASHELLS;10002.0;1
32200;;;KELP;SEASHELLS;2032.0;1
32200;;;SQUID_INK;SEASHELLS;1963.0;1
32300;;;RAINFOREST_RESIN;SEASHELLS;10002.0;1
32700;;;RAINFOREST_RESIN;SEASHELLS;10002.0;1
32800;;;KELP;SEASHELLS;2030.0;5
32800;;;SQUID_INK;SEASHELLS;1957.0;5
33600;;;KELP;SEASHELLS;2030.0;1
33600;;;SQUID_INK;SEASHELLS;1955.0;1
33700;;;RAINFOREST_RESIN;SEASHELLS;9998.0;1
33800;;;RAINFOREST_RESIN;SEASHELLS;10002.0;1
33900;;;KELP;SEASHELLS;2033.0;2
33900;;;RAINFOREST_RESIN;SEASHELLS;10005.0;2
33900;;;SQUID_INK;SEASHELLS;1959.0;2
34200;;;KELP;SEASHELLS;2030.0;1
34200;;;KELP;SEASHELLS;2030.0;1
34200;;;RAINFOREST_RESIN;SEASHELLS;9996.0;1
34200;;;RAINFOREST_RESIN;SEASHELLS;9995.0;2
34200;;;RAINFOREST_RESIN;SEASHELLS;9996.0;2
34200;;;SQUID_INK;SEASHELLS;1957.0;1
34200;;;SQUID_INK;SEASHELLS;1957.0;1
34300;;;KELP;SEASHELLS;2030.0;1
34300;;;KELP;SEASHELLS;2030.0;1
34300;;;KELP;SEASHELLS;2030.0;9
34300;;;SQUID_INK;SEASHELLS;1957.0;1
34300;;;SQUID_INK;SEASHELLS;1957.0;10
34400;;;KELP;SEASHELLS;2030.0;1
34400;;;SQUID_INK;SEASHELLS;1957.0;1
34700;;;RAINFOREST_RESIN;SEASHELLS;9998.0;5
34800;;;RAINFOREST_RESIN;SEASHELLS;10002.0;1
34900;;;SQUID_INK;SEASHELLS;1959.0;1
35200;;;KELP;SEASHELLS;2030.0;1
35200;;;SQUID_INK;SEASHELLS;1958.0;1
35500;;;KELP;SEASHELLS;2030.0;1
35600;;;KELP;SEASHELLS;2030.0;1
35600;;;SQUID_INK;SEASHELLS;1957.0;1
35700;;;RAINFOREST_RESIN;SEASHELLS;10002.0;1
35700;;;RAINFOREST_RESIN;SEASHELLS;10002.0;1
35900;;;KELP;SEASHELLS;2032.0;1
35900;;;SQUID_INK;SEASHELLS;1960.0;1
36000;;;RAINFOREST_RESIN;SEASHELLS;9998.0;1
36300;;;KELP;SEASHELLS;2030.0;1
36500;;;RAINFOREST_RESIN;SEASHELLS;9996.0;1
36700;;;KELP;SEASHELLS;2030.0;1
36700;;;KELP;SEASHELLS;2030.0;1
36700;;;RAINFOREST_RESIN;SEASHELLS;10002.0;1
36700;;;SQUID_INK;SEASHELLS;1957.0;1
36800;;;RAINFOREST_RESIN;SEASHELLS;10002.0;1
36800;;;SQUID_INK;SEASHELLS;1961.0;3
37100;;;KELP;SEASHELLS;2032.0;1
37100;;;SQUID_INK;SEASHELLS;1963.0;1
37200;;;RAINFOREST_RESIN;SEASHELLS;9998.0;1
37300;;;RAINFOREST_RESIN;SEASHELLS;10002.0;7
37300;;;RAINFOREST_RESIN;SEASHELLS;10002.0;5
37400;;;KELP;SEASHELLS;2029.0;9
37400;;;SQUID_INK;SEASHELLS;1958.0;9
37700;;;KELP;SEASHELLS;2032.0;1
37700;;;SQUID_INK;SEASHELLS;1959.0;1
37900;;;KELP;SEASHELLS;2032.0;1
37900;;;KELP;SEASHELLS;2030.0;9
37900;;;SQUID_INK;SEASHELLS;1959.0;1
37900;;;SQUID_INK;SEASHELLS;1957.0;9
38100;;;KELP;SEASHELLS;2030.0;1
38100;;;SQUID_INK;SEASHELLS;1955.0;1
38200;;;RAINFOREST_RESIN;SEASHELLS;9998.0;5
38200;;;RAINFOREST_RESIN;SEASHELLS;9998.0;2
38400;;;KELP;SEASHELLS;2030.0;1
38400;;;SQUID_INK;SEASHELLS;1957.0;1
38500;;;KELP;SEASHELLS;2032.0;1
38500;;;RAINFOREST_RESIN;SEASHELLS;10002.0;1
38500;;;SQUID_INK;SEASHELLS;1958.0;1
38600;;;RAINFOREST_RESIN;SEASHELLS;10002.0;5
38800;;;KELP;SEASHELLS;2032.0;4
38900;;;RAINFOREST_RESIN;SEASHELLS;10002.0;4
39400;;;KELP;SEASHELLS;2032.0;1
39400;;;RAINFOREST_RESIN;SEASHELLS;10004.0;1
39400;;;SQUID_INK;SEASHELLS;1961.0;1
39600;;;KELP;SEASHELLS;2029.0;9
39600;;;RAINFOREST_RESIN;SEASHELLS;10005.0;2
39600;;;SQUID_INK;SEASHELLS;1957.0;9
39700;;;KELP;SEASHELLS;2033.0;1
39700;;;RAINFOREST_RESIN;SEASHELLS;10005.0;8
39700;;;RAINFOREST_RESIN;SEASHELLS;9995.0;2
39700;;;RAINFOREST_RESIN;SEASHELLS;10005.0;1
39700;;;SQUID_INK;SEASHELLS;1961.0;1
40100;;;RAINFOREST_RESIN;SEASHELLS;10002.0;1
40300;;;KELP;SEASHELLS;2029.0;2
40300;;;KELP;SEASHELLS;2029.0;2
40300;;;RAINFOREST_RESIN;SEASHELLS;9996.0;1
40300;;;RAINFOREST_RESIN;SEASHELLS;9996.0;5
40800;;;KELP;SEASHELLS;2032.0;9
40800;;;SQUID_INK;SEASHELLS;1950.0;9
41200;;;KELP;SEASHELLS;2031.0;3
41400;;;KELP;SEASHELLS;2029.0;1
41400;;;SQUID_INK;SEASHELLS;1938.0;1
41500;;;KELP;SEASHELLS;2030.0;2
41500;;;RAINFOREST_RESIN;SEASHELLS;9998.0;1
41500;;;SQUID_INK;SEASHELLS;1942.0;2
41900;;;KELP;SEASHELLS;2029.0;2
41900;;;SQUID_INK;SEASHELLS;1944.0;2
42200;;;KELP;SEASHELLS;2029.0;2
42200;;;RAINFOREST_RESIN;SEASHELLS;9995.0;2
42200;;;SQUID_INK;SEASHELLS;1949.0;2
42300;;;KELP;SEASHELLS;2030.0;1
42300;;;KELP;SEASHELLS;2030.0;6
42300;;;KELP;SEASHELLS;2032.0;1
42300;;;KELP;SEASHELLS;2030.0;1
42300;;;RAINFOREST_RESIN;SEASHELLS;10005.0;1
42300;;;SQUID_INK;SEASHELLS;1947.0;1
42300;;;SQUID_INK;SEASHELLS;1946.0;4
42300;;;SQUID_INK;SEASHELLS;1946.0;2
42300;;;SQUID_INK;SEASHELLS;1948.0;1
42500;;;KELP;SEASHELLS;2028.0;1
42500;;;SQUID_INK;SEASHELLS;1946.0;1
42700;;;KELP;SEASHELLS;2028.0;1
42700;;;SQUID_INK;SEASHELLS;1949.0;1
43200;;;KELP;SEASHELLS;2029.0;2
43200;;;RAINFOREST_RESIN;SEASHELLS;10002.0;1
43200;;;SQUID_INK;SEASHELLS;1949.0;2
43400;;;SQUID_INK;SEASHELLS;1947.0;1
43800;;;RAINFOREST_RESIN;SEASHELLS;9998.0;1
44000;;;RAINFOREST_RESIN;SEASHELLS;10002.0;4
44100;;;KELP;SEASHELLS;2028.0;1
44100;;;KELP;SEASHELLS;2028.0;2
44100;;;RAINFOREST_RESIN;SEASHELLS;9996.0;2
44100;;;SQUID_INK;SEASHELLS;1948.0;1
44100;;;SQUID_INK;SEASHELLS;1948.0;2
44200;;;RAINFOREST_RESIN;SEASHELLS;9998.0;2
44500;;;KELP;SEASHELLS;2028.0;1
44500;;;RAINFOREST_RESIN;SEASHELLS;9996.0;1
44500;;;SQUID_INK;SEASHELLS;1947.0;1
44700;;;KELP;SEASHELLS;2028.0;1
44700;;;RAINFOREST_RESIN;SEASHELLS;9996.0;1
44700;;;SQUID_INK;SEASHELLS;1948.0;1
45100;;;KELP;SEASHELLS;2029.0;7
45100;;;RAINFOREST_RESIN;SEASHELLS;9998.0;1
45100;;;SQUID_INK;SEASHELLS;1947.0;7
45300;;;KELP;SEASHELLS;2029.0;1
45300;;;KELP;SEASHELLS;2032.0;15
45300;;;RAINFOREST_RESIN;SEASHELLS;9998.0;1
45300;;;SQUID_INK;SEASHELLS;1947.0;1
45300;;;SQUID_INK;SEASHELLS;1950.0;15
45600;;;KELP;SEASHELLS;2031.0;1
45600;;;SQUID_INK;SEASHELLS;1949.0;1
46000;;;RAINFOREST_RESIN;SEASHELLS;9996.0;2
46000;;;RAINFOREST_RESIN;SEASHELLS;9996.0;1
46000;;;RAINFOREST_RESIN;SEASHELLS;9998.0;5
46100;;;KELP;SEASHELLS;2029.0;1
46300;;;KELP;SEASHELLS;2031.0;1
46300;;;SQUID_INK;SEASHELLS;1948.0;1
46400;;;SQUID_INK;SEASHELLS;1948.0;10
46500;;;KELP;SEASHELLS;2030.0;1
46500;;;SQUID_INK;SEASHELLS;1946.0;1
46800;;;KELP;SEASHELLS;2030.0;5
46800;;;RAINFOREST_RESIN;SEASHELLS;9998.0;1
46800;;;SQUID_INK;SEASHELLS;1948.0;5
46900;;;KELP;SEASHELLS;2032.0;1
46900;;;SQUID_INK;SEASHELLS;1949.0;1
47000;;;KELP;SEASHELLS;2029.0;2
47000;;;RAINFOREST_RESIN;SEASHELLS;9995.0;2
47000;;;SQUID_INK;SEASHELLS;1948.0;2
47100;;;SQUID_INK;SEASHELLS;1947.0;1
47200;;;KELP;SEASHELLS;2032.0;1
47200;;;SQUID_INK;SEASHELLS;1949.0;1
47200;;;SQUID_INK;SEASHELLS;1949.0;3
47200;;;SQUID_INK;SEASHELLS;1949.0;1
47600;;;KELP;SEASHELLS;2030.0;2
47600;;;RAINFOREST_RESIN;SEASHELLS;9995.0;2
47600;;;SQUID_INK;SEASHELLS;1945.0;2
47700;;;RAINFOREST_RESIN;SEASHELLS;9998.0;1
48300;;;KELP;SEASHELLS;2031.0;1
48300;;;SQUID_INK;SEASHELLS;1950.0;1
48400;;;KELP;SEASHELLS;2032.0;5
48400;;;SQUID_INK;SEASHELLS;1953.0;5
48700;;;RAINFOREST_RESIN;SEASHELLS;10002.0;2
48900;;;KELP;SEASHELLS;2029.0;1
48900;;;SQUID_INK;SEASHELLS;1952.0;1
49100;;;KELP;SEASHELLS;2029.0;2
49100;;;RAINFOREST_RESIN;SEASHELLS;9998.0;2
49100;;;SQUID_INK;SEASHELLS;1951.0;2
49300;;;KELP;SEASHELLS;2031.0;1
49700;;;RAINFOREST_RESIN;SEASHELLS;10002.0;1
49800;;;RAINFOREST_RESIN;SEASHELLS;9998.0;1
49900;;;RAINFOREST_RESIN;SEASHELLS;10002.0;1
50100;;;KELP;SEASHELLS;2032.0;8
50100;;;KELP;SEASHELLS;2032.0;2
50100;;;RAINFOREST_RESIN;SEASHELLS;10004.0;2
50100;;;SQUID_INK;SEASHELLS;1956.0;8
50100;;;SQUID_INK;SEASHELLS;1956.0;2
50300;;;RAINFOREST_RESIN;SEASHELLS;10002.0;1
50400;;;RAINFOREST_RESIN;SEASHELLS;10002.0;4
50600;;;KELP;SEASHELLS;2031.0;1
50600;;;SQUID_INK;SEASHELLS;1954.0;1
50800;;;RAINFOREST_RESIN;SEASHELLS;9998.0;1
51300;;;KELP;SEASHELLS;2029.0;9
51300;;;SQUID_INK;SEASHELLS;1948.0;9
51600;;;KELP;SEASHELLS;2029.0;13
51600;;;SQUID_INK;SEASHELLS;1949.0;13
52000;;;KELP;SEASHELLS;2029.0;3
52000;;;KELP;SEASHELLS;2029.0;7
52000;;;SQUID_INK;SEASHELLS;1951.0;3
52000;;;SQUID_INK;SEASHELLS;1951.0;1
52000;;;SQUID_INK;SEASHELLS;1951.0;6
52300;;;KELP;SEASHELLS;2031.0;5
52300;;;KELP;SEASHELLS;2031.0;1
52300;;;KELP;SEASHELLS;2029.0;2
52300;;;SQUID_INK;SEASHELLS;1949.0;1
52300;;;SQUID_INK;SEASHELLS;1948.0;5
52600;;;KELP;SEASHELLS;2029.0;15
52600;;;SQUID_INK;SEASHELLS;1948.0;15
52700;;;KELP;SEASHELLS;2029.0;2
52700;;;RAINFOREST_RESIN;SEASHELLS;9995.0;2
52700;;;RAINFOREST_RESIN;SEASHELLS;9998.0;1
52700;;;SQUID_INK;SEASHELLS;1947.0;2
53200;;;KELP;SEASHELLS;2033.0;12
53200;;;SQUID_INK;SEASHELLS;1952.0;12
53400;;;KELP;SEASHELLS;2030.0;1
53400;;;SQUID_INK;SEASHELLS;1951.0;1
53500;;;KELP;SEASHELLS;2029.0;8
53500;;;SQUID_INK;SEASHELLS;1950.0;8
53600;;;KELP;SEASHELLS;2029.0;1
53600;;;RAINFOREST_RESIN;SEASHELLS;9998.0;2
53600;;;SQUID_INK;SEASHELLS;1950.0;1
53900;;;KELP;SEASHELLS;2031.0;1
53900;;;KELP;SEASHELLS;2029.0;5
53900;;;SQUID_INK;SEASHELLS;1952.0;1
53900;;;SQUID_INK;SEASHELLS;1949.0;5
54400;;;KELP;SEASHELLS;2029.0;1
54400;;;SQUID_INK;SEASHELLS;1951.0;1
54500;;;SQUID_INK;SEASHELLS;1950.0;1
54700;;;RAINFOREST_RESIN;SEASHELLS;9998.0;1
55000;;;KELP;SEASHELLS;2029.0;3
55000;;;KELP;SEASHELLS;2029.0;1
55000;;;KELP;SEASHELLS;2029.0;8
55000;;;KELP;SEASHELLS;2032.0;1
55000;;;RAINFOREST_RESIN;SEASHELLS;9998.0;1
55000;;;SQUID_INK;SEASHELLS;1949.0;3
55000;;;SQUID_INK;SEASHELLS;1949.0;1
55000;;;SQUID_INK;SEASHELLS;1949.0;1
56600;;;RAINFOREST_RESIN;SEASHELLS;10004.0;1
56700;;;KELP;SEASHELLS;2029.0;1
56700;;;SQUID_INK;SEASHELLS;1947.0;1
56800;;;KELP;SEASHELLS;2029.0;1
56800;;;SQUID_INK;SEASHELLS;1946.0;1
57000;;;KELP;SEASHELLS;2029.0;13
57000;;;KELP;SEASHELLS;2029.0;2
57000;;;RAINFOREST_RESIN;SEASHELLS;9995.0;2
57000;;;SQUID_INK;SEASHELLS;1946.0;13
57000;;;SQUID_INK;SEASHELLS;1946.0;2
57300;;;RAINFOREST_RESIN;SEASHELLS;10002.0;1
57400;;;KELP;SEASHELLS;2029.0;1
57400;;;SQUID_INK;SEASHELLS;1942.0;1
58000;;;KELP;SEASHELLS;2032.0;1
58000;;;SQUID_INK;SEASHELLS;1948.0;1
58100;;;KELP;SEASHELLS;2030.0;1
58100;;;SQUID_INK;SEASHELLS;1946.0;1
58400;;;KELP;SEASHELLS;2030.0;4
58800;;;RAINFOREST_RESIN;SEASHELLS;9998.0;1
58900;;;RAINFOREST_RESIN;SEASHELLS;9998.0;1
59000;;;RAINFOREST_RESIN;SEASHELLS;9998.0;9
59100;;;RAINFOREST_RESIN;SEASHELLS;9998.0;2
59300;;;RAINFOREST_RESIN;SEASHELLS;9998.0;1
59300;;;RAINFOREST_RESIN;SEASHELLS;9998.0;2
59400;;;RAINFOREST_RESIN;SEASHELLS;10002.0;3
59800;;;KELP;SEASHELLS;2030.0;5
59800;;;SQUID_INK;SEASHELLS;1949.0;5
59900;;;KELP;SEASHELLS;2032.0;2
59900;;;RAINFOREST_RESIN;SEASHELLS;10004.0;2
59900;;;RAINFOREST_RESIN;SEASHELLS;10002.0;1
59900;;;SQUID_INK;SEASHELLS;1949.0;2
60100;;;KELP;SEASHELLS;2029.0;9
60100;;;RAINFOREST_RESIN;SEASHELLS;9998.0;1
60100;;;SQUID_INK;SEASHELLS;1946.0;9
60200;;;RAINFOREST_RESIN;SEASHELLS;9998.0;1
60400;;;RAINFOREST_RESIN;SEASHELLS;9998.0;2
60500;;;KELP;SEASHELLS;2029.0;15
60500;;;KELP;SEASHELLS;2029.0;1
60500;;;RAINFOREST_RESIN;SEASHELLS;9996.0;1
60500;;;SQUID_INK;SEASHELLS;1944.0;15
60500;;;SQUID_INK;SEASHELLS;1944.0;1
61000;;;KELP;SEASHELLS;2029.0;8
61000;;;KELP;SEASHELLS;2032.0;1
61000;;;RAINFOREST_RESIN;SEASHELLS;10004.0;1
61000;;;SQUID_INK;SEASHELLS;1944.0;8
61000;;;SQUID_INK;SEASHELLS;1947.0;1
61100;;;KELP;SEASHELLS;2032.0;9
61100;;;SQUID_INK;SEASHELLS;1947.0;9
61500;;;RAINFOREST_RESIN;SEASHELLS;10002.0;6
62200;;;KELP;SEASHELLS;2029.0;1
62200;;;SQUID_INK;SEASHELLS;1946.0;1
62800;;;RAINFOREST_RESIN;SEASHELLS;9996.0;1
62800;;;RAINFOREST_RESIN;SEASHELLS;9996.0;7
62900;;;KELP;SEASHELLS;2031.0;1
62900;;;RAINFOREST_RESIN;SEASHELLS;10004.0;1
62900;;;SQUID_INK;SEASHELLS;1948.0;1
63000;;;KELP;SEASHELLS;2029.0;5
63500;;;RAINFOREST_RESIN;SEASHELLS;9998.0;1
63700;;;KELP;SEASHELLS;2029.0;1
63700;;;RAINFOREST_RESIN;SEASHELLS;9998.0;1
63700;;;SQUID_INK;SEASHELLS;1947.0;1
63800;;;SQUID_INK;SEASHELLS;1946.0;1
63900;;;KELP;SEASHELLS;2029.0;1
63900;;;SQUID_INK;SEASHELLS;1946.0;1
64400;;;KELP;SEASHELLS;2029.0;1
64400;;;SQUID_INK;SEASHELLS;1945.0;1
64600;;;KELP;SEASHELLS;2029.0;1
64600;;;SQUID_INK;SEASHELLS;1946.0;1
64900;;;KELP;SEASHELLS;2029.0;1
64900;;;SQUID_INK;SEASHELLS;1945.0;1
65100;;;KELP;SEASHELLS;2031.0;1
65100;;;RAINFOREST_RESIN;SEASHELLS;10004.0;1
65100;;;SQUID_INK;SEASHELLS;1947.0;1
65300;;;RAINFOREST_RESIN;SEASHELLS;10002.0;1
65300;;;SQUID_INK;SEASHELLS;1951.0;5
65300;;;SQUID_INK;SEASHELLS;1951.0;1
65400;;;RAINFOREST_RESIN;SEASHELLS;9998.0;1
66000;;;KELP;SEASHELLS;2030.0;2
66000;;;RAINFOREST_RESIN;SEASHELLS;9996.0;1
66000;;;SQUID_INK;SEASHELLS;1954.0;2
66100;;;KELP;SEASHELLS;2033.0;8
66100;;;RAINFOREST_RESIN;SEASHELLS;9995.0;6
66100;;;SQUID_INK;SEASHELLS;1957.0;8
66500;;;KELP;SEASHELLS;2029.0;1
66500;;;SQUID_INK;SEASHELLS;1953.0;1
66600;;;KELP;SEASHELLS;2030.0;1
66600;;;KELP;SEASHELLS;2030.0;9
66600;;;SQUID_INK;SEASHELLS;1952.0;1
66600;;;SQUID_INK;SEASHELLS;1952.0;9
66900;;;SQUID_INK;SEASHELLS;1954.0;2
67000;;;RAINFOREST_RESIN;SEASHELLS;10002.0;4
67100;;;KELP;SEASHELLS;2030.0;1
67100;;;RAINFOREST_RESIN;SEASHELLS;9996.0;1
67100;;;SQUID_INK;SEASHELLS;1954.0;1
67700;;;KELP;SEASHELLS;2033.0;11
67700;;;RAINFOREST_RESIN;SEASHELLS;10002.0;1
67700;;;SQUID_INK;SEASHELLS;1959.0;11
67900;;;KELP;SEASHELLS;2033.0;15
67900;;;SQUID_INK;SEASHELLS;1960.0;15
69200;;;KELP;SEASHELLS;2030.0;1
69200;;;KELP;SEASHELLS;2030.0;6
69200;;;SQUID_INK;SEASHELLS;1958.0;7
69400;;;RAINFOREST_RESIN;SEASHELLS;10002.0;4
69500;;;RAINFOREST_RESIN;SEASHELLS;10002.0;1
69500;;;RAINFOREST_RESIN;SEASHELLS;10002.0;1
69600;;;KELP;SEASHELLS;2030.0;1
69600;;;KELP;SEASHELLS;2030.0;1
69600;;;KELP;SEASHELLS;2030.0;6
69600;;;RAINFOREST_RESIN;SEASHELLS;10002.0;1
69600;;;SQUID_INK;SEASHELLS;1958.0;8
69600;;;SQUID_INK;SEASHELLS;1962.0;1
69800;;;KELP;SEASHELLS;2030.0;1
69800;;;SQUID_INK;SEASHELLS;1960.0;1
69900;;;KELP;SEASHELLS;2033.0;15
69900;;;SQUID_INK;SEASHELLS;1964.0;15
70200;;;SQUID_INK;SEASHELLS;1960.0;3
70400;;;RAINFOREST_RESIN;SEASHELLS;10002.0;5
70600;;;RAINFOREST_RESIN;SEASHELLS;9996.0;2
70700;;;KELP;SEASHELLS;2033.0;2
70700;;;RAINFOREST_RESIN;SEASHELLS;10002.0;2
70700;;;SQUID_INK;SEASHELLS;1963.0;2
70800;;;KELP;SEASHELLS;2030.0;1
70800;;;SQUID_INK;SEASHELLS;1961.0;1
70900;;;KELP;SEASHELLS;2033.0;1
70900;;;RAINFOREST_RESIN;SEASHELLS;10005.0;12
70900;;;RAINFOREST_RESIN;SEASHELLS;10005.0;1
70900;;;SQUID_INK;SEASHELLS;1964.0;1
71000;;;KELP;SEASHELLS;2032.0;1
71400;;;KELP;SEASHELLS;2029.0;1
71400;;;KELP;SEASHELLS;2031.0;6
71400;;;SQUID_INK;SEASHELLS;1961.0;1
71400;;;SQUID_INK;SEASHELLS;1962.0;6
72400;;;KELP;SEASHELLS;2028.0;9
72400;;;SQUID_INK;SEASHELLS;1964.0;9
72500;;;KELP;SEASHELLS;2032.0;1
72500;;;RAINFOREST_RESIN;SEASHELLS;10004.0;1
72500;;;SQUID_INK;SEASHELLS;1967.0;1
73200;;;KELP;SEASHELLS;2029.0;1
73200;;;KELP;SEASHELLS;2029.0;1
73200;;;KELP;SEASHELLS;2029.0;4
73200;;;SQUID_INK;SEASHELLS;1962.0;1
73200;;;SQUID_INK;SEASHELLS;1962.0;5
73400;;;RAINFOREST_RESIN;SEASHELLS;9998.0;1
73700;;;KELP;SEASHELLS;2031.0;1
73700;;;SQUID_INK;SEASHELLS;1965.0;1
74300;;;KELP;SEASHELLS;2031.0;1
74300;;;SQUID_INK;SEASHELLS;1962.0;1
74400;;;KELP;SEASHELLS;2031.0;1
74400;;;KELP;SEASHELLS;2031.0;2
74400;;;SQUID_INK;SEASHELLS;1962.0;1
74400;;;SQUID_INK;SEASHELLS;1962.0;2
74600;;;KELP;SEASHELLS;2029.0;1
74600;;;RAINFOREST_RESIN;SEASHELLS;10004.0;2
74600;;;SQUID_INK;SEASHELLS;1956.0;1
74800;;;RAINFOREST_RESIN;SEASHELLS;9998.0;2
74900;;;RAINFOREST_RESIN;SEASHELLS;9998.0;1
75300;;;SQUID_INK;SEASHELLS;1954.0;1
75600;;;KELP;SEASHELLS;2033.0;13
75600;;;SQUID_INK;SEASHELLS;1959.0;13
75800;;;KELP;SEASHELLS;2033.0;1
75800;;;RAINFOREST_RESIN;SEASHELLS;10004.0;1
75800;;;SQUID_INK;SEASHELLS;1963.0;1
76300;;;KELP;SEASHELLS;2029.0;1
76300;;;SQUID_INK;SEASHELLS;1961.0;1
76400;;;KELP;SEASHELLS;2030.0;3
76400;;;SQUID_INK;SEASHELLS;1962.0;3
76800;;;KELP;SEASHELLS;2029.0;1
76800;;;SQUID_INK;SEASHELLS;1961.0;1
76900;;;KELP;SEASHELLS;2029.0;4
76900;;;SQUID_INK;SEASHELLS;1961.0;4
77100;;;KELP;SEASHELLS;2029.0;1
77100;;;SQUID_INK;SEASHELLS;1963.0;1
77400;;;KELP;SEASHELLS;2028.0;4
77400;;;SQUID_INK;SEASHELLS;1966.0;4
77700;;;RAINFOREST_RESIN;SEASHELLS;9998.0;1
78000;;;KELP;SEASHELLS;2027.0;1
78100;;;RAINFOREST_RESIN;SEASHELLS;10002.0;1
78400;;;RAINFOREST_RESIN;SEASHELLS;10004.0;2
78400;;;RAINFOREST_RESIN;SEASHELLS;10004.0;5
78600;;;RAINFOREST_RESIN;SEASHELLS;9996.0;2
78700;;;KELP;SEASHELLS;2029.0;10
78700;;;SQUID_INK;SEASHELLS;1974.0;10
78800;;;KELP;SEASHELLS;2028.0;1
78800;;;SQUID_INK;SEASHELLS;1972.0;1
79100;;;KELP;SEASHELLS;2027.0;1
79100;;;SQUID_INK;SEASHELLS;1970.0;1
79300;;;KELP;SEASHELLS;2025.0;1
79300;;;RAINFOREST_RESIN;SEASHELLS;9996.0;1
79300;;;SQUID_INK;SEASHELLS;1968.0;1
79500;;;KELP;SEASHELLS;2028.0;1
79500;;;RAINFOREST_RESIN;SEASHELLS;10004.0;1
79500;;;SQUID_INK;SEASHELLS;1972.0;1
79800;;;KELP;SEASHELLS;2027.0;1
79900;;;KELP;SEASHELLS;2026.0;2
79900;;;RAINFOREST_RESIN;SEASHELLS;9998.0;2
79900;;;SQUID_INK;SEASHELLS;1969.0;2
80300;;;RAINFOREST_RESIN;SEASHELLS;9998.0;3
80400;;;KELP;SEASHELLS;2025.0;1
80400;;;KELP;SEASHELLS;2025.0;1
80400;;;KELP;SEASHELLS;2025.0;1
80400;;;RAINFOREST_RESIN;SEASHELLS;9998.0;1
80400;;;SQUID_INK;SEASHELLS;1967.0;1
80400;;;SQUID_INK;SEASHELLS;1967.0;2
80600;;;RAINFOREST_RESIN;SEASHELLS;9998.0;1
80700;;;KELP;SEASHELLS;2027.0;1
80700;;;KELP;SEASHELLS;2028.0;14
80700;;;RAINFOREST_RESIN;SEASHELLS;9998.0;1
81500;;;KELP;SEASHELLS;2026.0;1
81500;;;RAINFOREST_RESIN;SEASHELLS;10002.0;1
81500;;;SQUID_INK;SEASHELLS;1962.0;1
81700;;;KELP;SEASHELLS;2026.0;1
81700;;;SQUID_INK;SEASHELLS;1964.0;1
81800;;;SQUID_INK;SEASHELLS;1966.0;1
81900;;;KELP;SEASHELLS;2026.0;4
81900;;;SQUID_INK;SEASHELLS;1966.0;4
82000;;;KELP;SEASHELLS;2026.0;1
82000;;;SQUID_INK;SEASHELLS;1965.0;1
82100;;;KELP;SEASHELLS;2026.0;14
82100;;;SQUID_INK;SEASHELLS;1966.0;14
82200;;;RAINFOREST_RESIN;SEASHELLS;9998.0;4
82500;;;KELP;SEASHELLS;2028.0;1
82700;;;KELP;SEASHELLS;2026.0;1
82700;;;SQUID_INK;SEASHELLS;1962.0;1
83000;;;RAINFOREST_RESIN;SEASHELLS;9998.0;1
83400;;;KELP;SEASHELLS;2025.0;7
83400;;;RAINFOREST_RESIN;SEASHELLS;10002.0;1
83400;;;SQUID_INK;SEASHELLS;1966.0;7
83800;;;KELP;SEASHELLS;2029.0;1
83800;;;RAINFOREST_RESIN;SEASHELLS;10005.0;1
83800;;;SQUID_INK;SEASHELLS;1970.0;1
84100;;;KELP;SEASHELLS;2028.0;1
84100;;;RAINFOREST_RESIN;SEASHELLS;10002.0;1
84500;;;KELP;SEASHELLS;2027.0;1
84500;;;KELP;SEASHELLS;2026.0;2
84500;;;RAINFOREST_RESIN;SEASHELLS;9996.0;1
84500;;;SQUID_INK;SEASHELLS;1968.0;13
84500;;;SQUID_INK;SEASHELLS;1968.0;2
84600;;;KELP;SEASHELLS;2030.0;7
84600;;;SQUID_INK;SEASHELLS;1972.0;7
84800;;;KELP;SEASHELLS;2029.0;1
84800;;;RAINFOREST_RESIN;SEASHELLS;10002.0;1
84800;;;SQUID_INK;SEASHELLS;1972.0;1
85200;;;KELP;SEASHELLS;2029.0;1
85200;;;RAINFOREST_RESIN;SEASHELLS;10002.0;1
85200;;;SQUID_INK;SEASHELLS;1971.0;1
85400;;;KELP;SEASHELLS;2029.0;1
85400;;;SQUID_INK;SEASHELLS;1972.0;1
85500;;;RAINFOREST_RESIN;SEASHELLS;9998.0;7
85600;;;RAINFOREST_RESIN;SEASHELLS;9996.0;2
85800;;;RAINFOREST_RESIN;SEASHELLS;10002.0;1
85900;;;RAINFOREST_RESIN;SEASHELLS;9996.0;1
86200;;;RAINFOREST_RESIN;SEASHELLS;9998.0;2
86600;;;KELP;SEASHELLS;2028.0;1
86600;;;SQUID_INK;SEASHELLS;1968.0;1
86900;;;KELP;SEASHELLS;2029.0;1
86900;;;SQUID_INK;SEASHELLS;1969.0;1
86900;;;SQUID_INK;SEASHELLS;1968.0;1
87100;;;KELP;SEASHELLS;2028.0;5
87100;;;RAINFOREST_RESIN;SEASHELLS;9998.0;1
87100;;;SQUID_INK;SEASHELLS;1965.0;5
87200;;;KELP;SEASHELLS;2027.0;7
87200;;;SQUID_INK;SEASHELLS;1964.0;7
87300;;;KELP;SEASHELLS;2029.0;1
87300;;;SQUID_INK;SEASHELLS;1965.0;1
87500;;;KELP;SEASHELLS;2029.0;1
87500;;;SQUID_INK;SEASHELLS;1964.0;1
87900;;;SQUID_INK;SEASHELLS;1963.0;1
88500;;;RAINFOREST_RESIN;SEASHELLS;10002.0;1
88600;;;RAINFOREST_RESIN;SEASHELLS;10002.0;1
88700;;;RAINFOREST_RESIN;SEASHELLS;9995.0;8
88800;;;KELP;SEASHELLS;2028.0;4
88900;;;RAINFOREST_RESIN;SEASHELLS;10002.0;1
88900;;;RAINFOREST_RESIN;SEASHELLS;10002.0;4
89100;;;KELP;SEASHELLS;2031.0;2
89100;;;RAINFOREST_RESIN;SEASHELLS;10005.0;2
89100;;;SQUID_INK;SEASHELLS;1966.0;2
89300;;;KELP;SEASHELLS;2028.0;2
89300;;;RAINFOREST_RESIN;SEASHELLS;9996.0;2
89300;;;SQUID_INK;SEASHELLS;1965.0;2
89500;;;KELP;SEASHELLS;2030.0;1
89500;;;SQUID_INK;SEASHELLS;1967.0;1
89800;;;KELP;SEASHELLS;2031.0;2
89800;;;RAINFOREST_RESIN;SEASHELLS;9998.0;1
89800;;;RAINFOREST_RESIN;SEASHELLS;10004.0;1
89800;;;RAINFOREST_RESIN;SEASHELLS;10005.0;2
89800;;;SQUID_INK;SEASHELLS;1966.0;2
90200;;;RAINFOREST_RESIN;SEASHELLS;9998.0;1
90200;;;RAINFOREST_RESIN;SEASHELLS;9998.0;2
90400;;;RAINFOREST_RESIN;SEASHELLS;9996.0;1
90800;;;KELP;SEASHELLS;2028.0;2
90800;;;KELP;SEASHELLS;2028.0;3
90800;;;SQUID_INK;SEASHELLS;1965.0;4
90800;;;SQUID_INK;SEASHELLS;1965.0;1
91200;;;KELP;SEASHELLS;2030.0;1
91200;;;KELP;SEASHELLS;2029.0;2
91200;;;RAINFOREST_RESIN;SEASHELLS;10002.0;1
91200;;;SQUID_INK;SEASHELLS;1967.0;1
91200;;;SQUID_INK;SEASHELLS;1966.0;2
91300;;;RAINFOREST_RESIN;SEASHELLS;9998.0;1
91300;;;RAINFOREST_RESIN;SEASHELLS;9998.0;7
91300;;;RAINFOREST_RESIN;SEASHELLS;9998.0;0
91300;;;RAINFOREST_RESIN;SEASHELLS;9998.0;2
91400;;;SQUID_INK;SEASHELLS;1965.0;1
91600;;;KELP;SEASHELLS;2028.0;1
91600;;;RAINFOREST_RESIN;SEASHELLS;9998.0;1
91600;;;SQUID_INK;SEASHELLS;1965.0;1
91800;;;RAINFOREST_RESIN;SEASHELLS;9998.0;3
91900;;;RAINFOREST_RESIN;SEASHELLS;9998.0;1
92400;;;KELP;SEASHELLS;2029.0;1
92400;;;SQUID_INK;SEASHELLS;1963.0;1
92900;;;KELP;SEASHELLS;2026.0;8
92900;;;SQUID_INK;SEASHELLS;1964.0;8
93200;;;KELP;SEASHELLS;2030.0;2
93200;;;RAINFOREST_RESIN;SEASHELLS;10004.0;2
93200;;;RAINFOREST_RESIN;SEASHELLS;10005.0;2
93200;;;RAINFOREST_RESIN;SEASHELLS;10004.0;10
93200;;;RAINFOREST_RESIN;SEASHELLS;10002.0;3
93200;;;SQUID_INK;SEASHELLS;1968.0;2
93300;;;RAINFOREST_RESIN;SEASHELLS;10002.0;1
93700;;;KELP;SEASHELLS;2029.0;1
93700;;;SQUID_INK;SEASHELLS;1968.0;1
94000;;;KELP;SEASHELLS;2029.0;1
94000;;;SQUID_INK;SEASHELLS;1969.0;1
94400;;;KELP;SEASHELLS;2027.0;9
94400;;;RAINFOREST_RESIN;SEASHELLS;9998.0;1
94400;;;SQUID_INK;SEASHELLS;1968.0;9
94700;;;KELP;SEASHELLS;2030.0;10
94700;;;KELP;SEASHELLS;2030.0;10
94700;;;KELP;SEASHELLS;2030.0;4
94700;;;SQUID_INK;SEASHELLS;1970.0;10
94700;;;SQUID_INK;SEASHELLS;1970.0;10
94700;;;SQUID_INK;SEASHELLS;1970.0;4
95500;;;RAINFOREST_RESIN;SEASHELLS;9998.0;1
95700;;;RAINFOREST_RESIN;SEASHELLS;9998.0;1
95800;;;KELP;SEASHELLS;2028.0;2
95800;;;RAINFOREST_RESIN;SEASHELLS;9996.0;2
95800;;;RAINFOREST_RESIN;SEASHELLS;9998.0;1
95800;;;SQUID_INK;SEASHELLS;1970.0;2
96600;;;KELP;SEASHELLS;2028.0;1
96600;;;RAINFOREST_RESIN;SEASHELLS;10002.0;1
96600;;;SQUID_INK;SEASHELLS;1970.0;1
96900;;;KELP;SEASHELLS;2030.0;1
96900;;;SQUID_INK;SEASHELLS;1975.0;1
97100;;;KELP;SEASHELLS;2030.0;4
97100;;;KELP;SEASHELLS;2030.0;1
97100;;;RAINFOREST_RESIN;SEASHELLS;10004.0;1
97100;;;SQUID_INK;SEASHELLS;1974.0;4
97100;;;SQUID_INK;SEASHELLS;1974.0;1
97200;;;KELP;SEASHELLS;2028.0;14
97200;;;SQUID_INK;SEASHELLS;1971.0;14
97800;;;KELP;SEASHELLS;2031.0;1
97800;;;RAINFOREST_RESIN;SEASHELLS;10005.0;1
97800;;;SQUID_INK;SEASHELLS;1975.0;1
98700;;;KELP;SEASHELLS;2030.0;2
98700;;;RAINFOREST_RESIN;SEASHELLS;10004.0;2
98700;;;SQUID_INK;SEASHELLS;1972.0;2
98800;;;KELP;SEASHELLS;2028.0;2
98800;;;RAINFOREST_RESIN;SEASHELLS;9996.0;1
98800;;;RAINFOREST_RESIN;SEASHELLS;9996.0;1
98800;;;RAINFOREST_RESIN;SEASHELLS;9998.0;1
98800;;;SQUID_INK;SEASHELLS;1970.0;2
99300;;;KELP;SEASHELLS;2028.0;3
99400;;;KELP;SEASHELLS;2030.0;1
99400;;;SQUID_INK;SEASHELLS;1964.0;1
99800;;;KELP;SEASHELLS;2028.0;3
99800;;;KELP;SEASHELLS;2028.0;1
99800;;;RAINFOREST_RESIN;SEASHELLS;9998.0;1
99800;;;SQUID_INK;SEASHELLS;1967.0;3
99800;;;SQUID_INK;SEASHELLS;1967.0;1
100100;;;KELP;SEASHELLS;2028.0;1
100100;;;SQUID_INK;SEASHELLS;1967.0;1
100400;;;KELP;SEASHELLS;2028.0;1
100400;;;RAINFOREST_RESIN;SEASHELLS;9998.0;1
100400;;;SQUID_INK;SEASHELLS;1967.0;1
100600;;;KELP;SEASHELLS;2030.0;1
100600;;;RAINFOREST_RESIN;SEASHELLS;9998.0;1
100600;;;SQUID_INK;SEASHELLS;1969.0;1
100900;;;RAINFOREST_RESIN;SEASHELLS;10002.0;1
101100;;;SQUID_INK;SEASHELLS;1968.0;1
101700;;;KELP;SEASHELLS;2029.0;1
101700;;;RAINFOREST_RESIN;SEASHELLS;10002.0;1
101700;;;SQUID_INK;SEASHELLS;1969.0;1
101900;;;KELP;SEASHELLS;2029.0;8
101900;;;KELP;SEASHELLS;2032.0;14
101900;;;SQUID_INK;SEASHELLS;1971.0;8
102300;;;KELP;SEASHELLS;2029.0;1
102300;;;KELP;SEASHELLS;2031.0;1
102300;;;RAINFOREST_RESIN;SEASHELLS;10005.0;1
102300;;;SQUID_INK;SEASHELLS;1971.0;1
102300;;;SQUID_INK;SEASHELLS;1973.0;1
102400;;;KELP;SEASHELLS;2029.0;5
102400;;;SQUID_INK;SEASHELLS;1971.0;5
102600;;;KELP;SEASHELLS;2029.0;14
102600;;;RAINFOREST_RESIN;SEASHELLS;9998.0;1
102600;;;SQUID_INK;SEASHELLS;1970.0;14
102900;;;KELP;SEASHELLS;2031.0;1
102900;;;SQUID_INK;SEASHELLS;1972.0;1
103100;;;KELP;SEASHELLS;2030.0;6
103100;;;SQUID_INK;SEASHELLS;1970.0;6
103700;;;RAINFOREST_RESIN;SEASHELLS;9998.0;1
103900;;;RAINFOREST_RESIN;SEASHELLS;9998.0;1
104000;;;RAINFOREST_RESIN;SEASHELLS;9998.0;2
104800;;;RAINFOREST_RESIN;SEASHELLS;9998.0;2
105000;;;RAINFOREST_RESIN;SEASHELLS;9995.0;5
105500;;;KELP;SEASHELLS;2029.0;1
105500;;;SQUID_INK;SEASHELLS;1967.0;1
105700;;;RAINFOREST_RESIN;SEASHELLS;9998.0;3
105800;;;KELP;SEASHELLS;2030.0;5
105800;;;SQUID_INK;SEASHELLS;1965.0;5
106100;;;RAINFOREST_RESIN;SEASHELLS;10002.0;1
106300;;;KELP;SEASHELLS;2029.0;1
106400;;;KELP;SEASHELLS;2029.0;1
106400;;;KELP;SEASHELLS;2029.0;12
106400;;;SQUID_INK;SEASHELLS;1960.0;12
106400;;;SQUID_INK;SEASHELLS;1961.0;1
106500;;;KELP;SEASHELLS;2032.0;1
106500;;;RAINFOREST_RESIN;SEASHELLS;10005.0;1
106500;;;SQUID_INK;SEASHELLS;1964.0;1
106800;;;KELP;SEASHELLS;2028.0;1
106800;;;RAINFOREST_RESIN;SEASHELLS;9998.0;1
106800;;;SQUID_INK;SEASHELLS;1962.0;1
107000;;;KELP;SEASHELLS;2029.0;1
107000;;;SQUID_INK;SEASHELLS;1961.0;1
107600;;;KELP;SEASHELLS;2029.0;1
107600;;;SQUID_INK;SEASHELLS;1959.0;1
107800;;;KELP;SEASHELLS;2029.0;1
107800;;;RAINFOREST_RESIN;SEASHELLS;9996.0;1
107800;;;SQUID_INK;SEASHELLS;1959.0;1
107900;;;KELP;SEASHELLS;2031.0;1
107900;;;SQUID_INK;SEASHELLS;1962.0;1
108000;;;KELP;SEASHELLS;2029.0;5
108000;;;SQUID_INK;SEASHELLS;1960.0;5
108300;;;KELP;SEASHELLS;2029.0;1
108300;;;RAINFOREST_RESIN;SEASHELLS;9998.0;1
108300;;;SQUID_INK;SEASHELLS;1959.0;1
108600;;;RAINFOREST_RESIN;SEASHELLS;9998.0;4
108600;;;RAINFOREST_RESIN;SEASHELLS;9998.0;1
108800;;;KELP;SEASHELLS;2032.0;2
108800;;;KELP;SEASHELLS;2031.0;1
108800;;;RAINFOREST_RESIN;SEASHELLS;10004.0;2
108800;;;SQUID_INK;SEASHELLS;1965.0;2
108800;;;SQUID_INK;SEASHELLS;1964.0;1
108900;;;RAINFOREST_RESIN;SEASHELLS;9996.0;1
108900;;;RAINFOREST_RESIN;SEASHELLS;9996.0;5
109000;;;KELP;SEASHELLS;2029.0;1
109000;;;SQUID_INK;SEASHELLS;1963.0;9
109100;;;KELP;SEASHELLS;2030.0;5
109100;;;SQUID_INK;SEASHELLS;1966.0;5
109200;;;SQUID_INK;SEASHELLS;1966.0;9
109400;;;SQUID_INK;SEASHELLS;1965.0;1
109600;;;KELP;SEASHELLS;2028.0;1
109600;;;SQUID_INK;SEASHELLS;1963.0;1
109700;;;KELP;SEASHELLS;2031.0;1
109700;;;RAINFOREST_RESIN;SEASHELLS;10004.0;1
109700;;;SQUID_INK;SEASHELLS;1966.0;1
110200;;;KELP;SEASHELLS;2028.0;1
110500;;;KELP;SEASHELLS;2028.0;9
110500;;;SQUID_INK;SEASHELLS;1961.0;9
110600;;;RAINFOREST_RESIN;SEASHELLS;9998.0;1
110700;;;RAINFOREST_RESIN;SEASHELLS;10002.0;1
111000;;;SQUID_INK;SEASHELLS;1963.0;7
111100;;;KELP;SEASHELLS;2027.0;1
111100;;;SQUID_INK;SEASHELLS;1960.0;1
111200;;;KELP;SEASHELLS;2028.0;1
111200;;;SQUID_INK;SEASHELLS;1960.0;1
111300;;;KELP;SEASHELLS;2027.0;1
111300;;;SQUID_INK;SEASHELLS;1959.0;1
111800;;;KELP;SEASHELLS;2031.0;1
111800;;;RAINFOREST_RESIN;SEASHELLS;10004.0;1
111800;;;SQUID_INK;SEASHELLS;1958.0;1
112000;;;KELP;SEASHELLS;2029.0;2
112300;;;KELP;SEASHELLS;2028.0;1
112300;;;SQUID_INK;SEASHELLS;1957.0;1
113500;;;KELP;SEASHELLS;2030.0;1
113500;;;SQUID_INK;SEASHELLS;1959.0;1
113900;;;RAINFOREST_RESIN;SEASHELLS;10002.0;1
114300;;;KELP;SEASHELLS;2030.0;1
114300;;;RAINFOREST_RESIN;SEASHELLS;10004.0;1
114300;;;SQUID_INK;SEASHELLS;1958.0;1
114500;;;KELP;SEASHELLS;2028.0;1
114500;;;RAINFOREST_RESIN;SEASHELLS;9996.0;2
114500;;;RAINFOREST_RESIN;SEASHELLS;9996.0;9
114500;;;SQUID_INK;SEASHELLS;1958.0;1
114600;;;KELP;SEASHELLS;2032.0;4
114600;;;SQUID_INK;SEASHELLS;1960.0;4
115100;;;KELP;SEASHELLS;2028.0;1
115100;;;SQUID_INK;SEASHELLS;1958.0;1
115100;;;SQUID_INK;SEASHELLS;1960.0;7
116100;;;KELP;SEASHELLS;2031.0;1
116100;;;RAINFOREST_RESIN;SEASHELLS;10005.0;1
116100;;;SQUID_INK;SEASHELLS;1958.0;1
116300;;;RAINFOREST_RESIN;SEASHELLS;9996.0;2
116400;;;KELP;SEASHELLS;2032.0;2
116400;;;RAINFOREST_RESIN;SEASHELLS;9998.0;1
116400;;;SQUID_INK;SEASHELLS;1959.0;2
116600;;;KELP;SEASHELLS;2029.0;3
116600;;;KELP;SEASHELLS;2029.0;1
116600;;;KELP;SEASHELLS;2029.0;0
116600;;;KELP;SEASHELLS;2029.0;8
116600;;;SQUID_INK;SEASHELLS;1956.0;3
116600;;;SQUID_INK;SEASHELLS;1956.0;1
116600;;;SQUID_INK;SEASHELLS;1956.0;0
116600;;;SQUID_INK;SEASHELLS;1956.0;8
116800;;;KELP;SEASHELLS;2028.0;2
116800;;;RAINFOREST_RESIN;SEASHELLS;9995.0;2
116800;;;SQUID_INK;SEASHELLS;1958.0;2
116900;;;KELP;SEASHELLS;2029.0;4
116900;;;SQUID_INK;SEASHELLS;1959.0;4
117100;;;KELP;SEASHELLS;2030.0;1
117100;;;SQUID_INK;SEASHELLS;1958.0;1
117300;;;KELP;SEASHELLS;2030.0;1
117300;;;KELP;SEASHELLS;2028.0;8
117300;;;SQUID_INK;SEASHELLS;1959.0;1
117300;;;SQUID_INK;SEASHELLS;1957.0;8
117500;;;RAINFOREST_RESIN;SEASHELLS;10002.0;2
117800;;;KELP;SEASHELLS;2028.0;3
117800;;;SQUID_INK;SEASHELLS;1952.0;3
117900;;;RAINFOREST_RESIN;SEASHELLS;9998.0;1
118100;;;KELP;SEASHELLS;2030.0;1
118100;;;RAINFOREST_RESIN;SEASHELLS;10005.0;2
118100;;;SQUID_INK;SEASHELLS;1953.0;1
118200;;;KELP;SEASHELLS;2031.0;2
118200;;;RAINFOREST_RESIN;SEASHELLS;10002.0;2
118200;;;SQUID_INK;SEASHELLS;1953.0;2
118300;;;KELP;SEASHELLS;2027.0;4
118300;;;RAINFOREST_RESIN;SEASHELLS;10002.0;3
118300;;;SQUID_INK;SEASHELLS;1949.0;1
118300;;;SQUID_INK;SEASHELLS;1949.0;4
119000;;;RAINFOREST_RESIN;SEASHELLS;9996.0;1
119000;;;RAINFOREST_RESIN;SEASHELLS;9996.0;4
119000;;;RAINFOREST_RESIN;SEASHELLS;9998.0;1
119100;;;RAINFOREST_RESIN;SEASHELLS;10002.0;1
119200;;;KELP;SEASHELLS;2028.0;2
119200;;;RAINFOREST_RESIN;SEASHELLS;9996.0;1
119200;;;RAINFOREST_RESIN;SEASHELLS;9996.0;1
119200;;;SQUID_INK;SEASHELLS;1950.0;2
119800;;;KELP;SEASHELLS;2028.0;1
119800;;;SQUID_INK;SEASHELLS;1952.0;1
119900;;;KELP;SEASHELLS;2030.0;1
119900;;;SQUID_INK;SEASHELLS;1953.0;1
120100;;;KELP;SEASHELLS;2029.0;4
120100;;;SQUID_INK;SEASHELLS;1953.0;4
120100;;;SQUID_INK;SEASHELLS;1953.0;6
120200;;;KELP;SEASHELLS;2028.0;1
120200;;;RAINFOREST_RESIN;SEASHELLS;10002.0;1
120200;;;SQUID_INK;SEASHELLS;1950.0;1
120900;;;KELP;SEASHELLS;2028.0;9
120900;;;RAINFOREST_RESIN;SEASHELLS;10002.0;2
120900;;;SQUID_INK;SEASHELLS;1949.0;9
121000;;;KELP;SEASHELLS;2031.0;1
121000;;;RAINFOREST_RESIN;SEASHELLS;10004.0;1
121000;;;SQUID_INK;SEASHELLS;1952.0;1
121300;;;KELP;SEASHELLS;2028.0;1
121300;;;KELP;SEASHELLS;2031.0;13
121300;;;RAINFOREST_RESIN;SEASHELLS;10004.0;1
121300;;;SQUID_INK;SEASHELLS;1950.0;1
121300;;;SQUID_INK;SEASHELLS;1953.0;13
121600;;;KELP;SEASHELLS;2031.0;2
121600;;;KELP;SEASHELLS;2030.0;1
121600;;;RAINFOREST_RESIN;SEASHELLS;10002.0;2
121600;;;SQUID_INK;SEASHELLS;1956.0;2
121600;;;SQUID_INK;SEASHELLS;1955.0;1
121700;;;KELP;SEASHELLS;2030.0;1
121700;;;SQUID_INK;SEASHELLS;1954.0;1
121800;;;KELP;SEASHELLS;2028.0;1
121800;;;RAINFOREST_RESIN;SEASHELLS;9995.0;1
121800;;;SQUID_INK;SEASHELLS;1952.0;1
122200;;;KELP;SEASHELLS;2028.0;1
122200;;;RAINFOREST_RESIN;SEASHELLS;9996.0;1
122200;;;SQUID_INK;SEASHELLS;1949.0;1
122500;;;KELP;SEASHELLS;2031.0;2
122500;;;RAINFOREST_RESIN;SEASHELLS;10002.0;6
122500;;;RAINFOREST_RESIN;SEASHELLS;10004.0;2
122500;;;RAINFOREST_RESIN;SEASHELLS;10002.0;2
122500;;;SQUID_INK;SEASHELLS;1951.0;2
122600;;;RAINFOREST_RESIN;SEASHELLS;9998.0;4
122700;;;RAINFOREST_RESIN;SEASHELLS;10002.0;5
122800;;;KELP;SEASHELLS;2028.0;1
122800;;;SQUID_INK;SEASHELLS;1949.0;1
123100;;;RAINFOREST_RESIN;SEASHELLS;10002.0;1
123200;;;KELP;SEASHELLS;2030.0;1
123200;;;KELP;SEASHELLS;2030.0;3
123200;;;SQUID_INK;SEASHELLS;1955.0;1
123200;;;SQUID_INK;SEASHELLS;1955.0;3
123500;;;KELP;SEASHELLS;2028.0;1
123500;;;RAINFOREST_RESIN;SEASHELLS;9998.0;2
123500;;;SQUID_INK;SEASHELLS;1952.0;1
123700;;;KELP;SEASHELLS;2028.0;1
123700;;;RAINFOREST_RESIN;SEASHELLS;9996.0;1
123700;;;SQUID_INK;SEASHELLS;1952.0;1
123900;;;KELP;SEASHELLS;2028.0;1
123900;;;RAINFOREST_RESIN;SEASHELLS;9998.0;1
123900;;;SQUID_INK;SEASHELLS;1952.0;1
124000;;;RAINFOREST_RESIN;SEASHELLS;10002.0;1
124200;;;RAINFOREST_RESIN;SEASHELLS;9998.0;5
125200;;;KELP;SEASHELLS;2030.0;1
125200;;;SQUID_INK;SEASHELLS;1958.0;1
125400;;;KELP;SEASHELLS;2031.0;1
125400;;;RAINFOREST_RESIN;SEASHELLS;10004.0;1
125400;;;SQUID_INK;SEASHELLS;1958.0;1
125900;;;KELP;SEASHELLS;2028.0;1
125900;;;RAINFOREST_RESIN;SEASHELLS;9998.0;1
125900;;;SQUID_INK;SEASHELLS;1954.0;1
126200;;;KELP;SEASHELLS;2028.0;1
126200;;;SQUID_INK;SEASHELLS;1956.0;1
126400;;;KELP;SEASHELLS;2031.0;2
126400;;;RAINFOREST_RESIN;SEASHELLS;9998.0;2
126400;;;SQUID_INK;SEASHELLS;1960.0;2
126600;;;KELP;SEASHELLS;2028.0;1
126600;;;SQUID_INK;SEASHELLS;1955.0;1
126700;;;RAINFOREST_RESIN;SEASHELLS;9998.0;1
126700;;;RAINFOREST_RESIN;SEASHELLS;9998.0;1
126900;;;KELP;SEASHELLS;2031.0;1
126900;;;RAINFOREST_RESIN;SEASHELLS;10002.0;1
126900;;;SQUID_INK;SEASHELLS;1959.0;1
127000;;;RAINFOREST_RESIN;SEASHELLS;10002.0;1
127000;;;RAINFOREST_RESIN;SEASHELLS;10002.0;2
127100;;;RAINFOREST_RESIN;SEASHELLS;9998.0;1
127500;;;KELP;SEASHELLS;2031.0;2
127500;;;RAINFOREST_RESIN;SEASHELLS;10002.0;1
127500;;;RAINFOREST_RESIN;SEASHELLS;10002.0;2
127500;;;SQUID_INK;SEASHELLS;1958.0;2
127600;;;KELP;SEASHELLS;2028.0;2
127600;;;SQUID_INK;SEASHELLS;1955.0;2
127800;;;KELP;SEASHELLS;2029.0;5
128000;;;RAINFOREST_RESIN;SEASHELLS;10002.0;2
128100;;;KELP;SEASHELLS;2029.0;2
128100;;;SQUID_INK;SEASHELLS;1956.0;2
128400;;;KELP;SEASHELLS;2029.0;2
128400;;;RAINFOREST_RESIN;SEASHELLS;10002.0;1
128400;;;SQUID_INK;SEASHELLS;1956.0;2
128800;;;KELP;SEASHELLS;2032.0;8
128800;;;SQUID_INK;SEASHELLS;1960.0;8
129000;;;KELP;SEASHELLS;2028.0;1
129000;;;SQUID_INK;SEASHELLS;1957.0;1
129200;;;KELP;SEASHELLS;2028.0;1
129200;;;SQUID_INK;SEASHELLS;1958.0;1
129400;;;KELP;SEASHELLS;2032.0;4
129400;;;RAINFOREST_RESIN;SEASHELLS;9998.0;1
129400;;;SQUID_INK;SEASHELLS;1961.0;4
129500;;;RAINFOREST_RESIN;SEASHELLS;9998.0;1
129700;;;SQUID_INK;SEASHELLS;1959.0;2
129800;;;KELP;SEASHELLS;2032.0;2
129800;;;RAINFOREST_RESIN;SEASHELLS;10005.0;2
129800;;;SQUID_INK;SEASHELLS;1961.0;2
130100;;;KELP;SEASHELLS;2031.0;1
130100;;;SQUID_INK;SEASHELLS;1961.0;1
130300;;;RAINFOREST_RESIN;SEASHELLS;10005.0;2
130400;;;KELP;SEASHELLS;2029.0;3
130400;;;KELP;SEASHELLS;2032.0;1
130400;;;RAINFOREST_RESIN;SEASHELLS;10004.0;1
130400;;;SQUID_INK;SEASHELLS;1959.0;3
130400;;;SQUID_INK;SEASHELLS;1961.0;1
130700;;;KELP;SEASHELLS;2029.0;3
130700;;;KELP;SEASHELLS;2029.0;8
130700;;;SQUID_INK;SEASHELLS;1958.0;3
130700;;;SQUID_INK;SEASHELLS;1958.0;8
130900;;;KELP;SEASHELLS;2029.0;1
130900;;;SQUID_INK;SEASHELLS;1960.0;1
131100;;;KELP;SEASHELLS;2029.0;1
131100;;;KELP;SEASHELLS;2029.0;2
131100;;;SQUID_INK;SEASHELLS;1958.0;1
131100;;;SQUID_INK;SEASHELLS;1958.0;4
131200;;;KELP;SEASHELLS;2029.0;1
131200;;;SQUID_INK;SEASHELLS;1958.0;1
131500;;;KELP;SEASHELLS;2029.0;2
131500;;;RAINFOREST_RESIN;SEASHELLS;9996.0;1
131500;;;SQUID_INK;SEASHELLS;1957.0;2
131900;;;KELP;SEASHELLS;2029.0;2
131900;;;RAINFOREST_RESIN;SEASHELLS;9996.0;1
131900;;;RAINFOREST_RESIN;SEASHELLS;9996.0;1
131900;;;SQUID_INK;SEASHELLS;1959.0;2
132100;;;RAINFOREST_RESIN;SEASHELLS;10002.0;1
132200;;;KELP;SEASHELLS;2032.0;1
132200;;;RAINFOREST_RESIN;SEASHELLS;10004.0;1
132200;;;SQUID_INK;SEASHELLS;1963.0;1
132300;;;KELP;SEASHELLS;2030.0;1
132300;;;RAINFOREST_RESIN;SEASHELLS;9995.0;1
132300;;;RAINFOREST_RESIN;SEASHELLS;9998.0;2
132300;;;RAINFOREST_RESIN;SEASHELLS;9998.0;1
132300;;;SQUID_INK;SEASHELLS;1961.0;1
132600;;;KELP;SEASHELLS;2029.0;1
132600;;;RAINFOREST_RESIN;SEASHELLS;9998.0;1
132600;;;SQUID_INK;SEASHELLS;1958.0;1
132800;;;KELP;SEASHELLS;2029.0;1
132800;;;SQUID_INK;SEASHELLS;1959.0;1
132900;;;KELP;SEASHELLS;2031.0;1
132900;;;SQUID_INK;SEASHELLS;1960.0;1
133000;;;RAINFOREST_RESIN;SEASHELLS;9998.0;2
133200;;;KELP;SEASHELLS;2031.0;1
133200;;;SQUID_INK;SEASHELLS;1960.0;1
133500;;;RAINFOREST_RESIN;SEASHELLS;10005.0;8
133500;;;RAINFOREST_RESIN;SEASHELLS;9998.0;3
133600;;;KELP;SEASHELLS;2029.0;1
133600;;;KELP;SEASHELLS;2032.0;9
133600;;;SQUID_INK;SEASHELLS;1958.0;1
133600;;;SQUID_INK;SEASHELLS;1961.0;9
134000;;;KELP;SEASHELLS;2029.0;1
134000;;;SQUID_INK;SEASHELLS;1958.0;1
134500;;;KELP;SEASHELLS;2031.0;1
134700;;;RAINFOREST_RESIN;SEASHELLS;9998.0;1
134800;;;KELP;SEASHELLS;2029.0;13
134800;;;SQUID_INK;SEASHELLS;1958.0;2
134800;;;SQUID_INK;SEASHELLS;1958.0;11
134900;;;KELP;SEASHELLS;2029.0;4
134900;;;SQUID_INK;SEASHELLS;1957.0;4
135600;;;KELP;SEASHELLS;2033.0;5
135600;;;SQUID_INK;SEASHELLS;1959.0;5
135800;;;KELP;SEASHELLS;2031.0;1
135800;;;SQUID_INK;SEASHELLS;1956.0;1
136100;;;KELP;SEASHELLS;2029.0;1
136100;;;SQUID_INK;SEASHELLS;1955.0;1
136500;;;KELP;SEASHELLS;2029.0;1
136500;;;SQUID_INK;SEASHELLS;1954.0;1
137000;;;RAINFOREST_RESIN;SEASHELLS;10002.0;1
137100;;;KELP;SEASHELLS;2029.0;1
137200;;;KELP;SEASHELLS;2030.0;5
137200;;;SQUID_INK;SEASHELLS;1955.0;5
137400;;;KELP;SEASHELLS;2029.0;1
137400;;;RAINFOREST_RESIN;SEASHELLS;9995.0;1
137400;;;SQUID_INK;SEASHELLS;1955.0;1
137700;;;KELP;SEASHELLS;2030.0;2
137700;;;RAINFOREST_RESIN;SEASHELLS;9996.0;2
137700;;;SQUID_INK;SEASHELLS;1956.0;2
137800;;;KELP;SEASHELLS;2029.0;2
137800;;;RAINFOREST_RESIN;SEASHELLS;9996.0;2
137800;;;SQUID_INK;SEASHELLS;1956.0;2
138200;;;KELP;SEASHELLS;2032.0;1
138200;;;RAINFOREST_RESIN;SEASHELLS;9998.0;1
138200;;;SQUID_INK;SEASHELLS;1958.0;1
138300;;;KELP;SEASHELLS;2030.0;1
138300;;;SQUID_INK;SEASHELLS;1956.0;1
138600;;;KELP;SEASHELLS;2030.0;1
138600;;;KELP;SEASHELLS;2033.0;1
138600;;;RAINFOREST_RESIN;SEASHELLS;10004.0;1
138600;;;SQUID_INK;SEASHELLS;1956.0;1
138600;;;SQUID_INK;SEASHELLS;1959.0;1
139300;;;KELP;SEASHELLS;2033.0;1
139300;;;SQUID_INK;SEASHELLS;1959.0;1
139400;;;KELP;SEASHELLS;2033.0;1
139400;;;RAINFOREST_RESIN;SEASHELLS;9996.0;1
139400;;;SQUID_INK;SEASHELLS;1960.0;10
140500;;;RAINFOREST_RESIN;SEASHELLS;9998.0;1
140600;;;KELP;SEASHELLS;2030.0;1
140600;;;SQUID_INK;SEASHELLS;1955.0;1
141400;;;RAINFOREST_RESIN;SEASHELLS;9995.0;10
141500;;;KELP;SEASHELLS;2030.0;1
141500;;;SQUID_INK;SEASHELLS;1955.0;1
141600;;;KELP;SEASHELLS;2032.0;4
141600;;;RAINFOREST_RESIN;SEASHELLS;10002.0;1
141600;;;RAINFOREST_RESIN;SEASHELLS;10002.0;2
142000;;;KELP;SEASHELLS;2030.0;9
142000;;;SQUID_INK;SEASHELLS;1953.0;9
142100;;;KELP;SEASHELLS;2032.0;1
142100;;;SQUID_INK;SEASHELLS;1956.0;1
142200;;;KELP;SEASHELLS;2030.0;1
142200;;;SQUID_INK;SEASHELLS;1954.0;1
142500;;;RAINFOREST_RESIN;SEASHELLS;9998.0;1
143300;;;RAINFOREST_RESIN;SEASHELLS;9998.0;1
143600;;;KELP;SEASHELLS;2030.0;3
143600;;;SQUID_INK;SEASHELLS;1954.0;3
143800;;;KELP;SEASHELLS;2030.0;1
143800;;;SQUID_INK;SEASHELLS;1955.0;1
143900;;;KELP;SEASHELLS;2030.0;1
143900;;;RAINFOREST_RESIN;SEASHELLS;9998.0;1
143900;;;SQUID_INK;SEASHELLS;1955.0;1
144100;;;KELP;SEASHELLS;2032.0;1
144100;;;SQUID_INK;SEASHELLS;1958.0;1
144400;;;KELP;SEASHELLS;2030.0;1
144400;;;SQUID_INK;SEASHELLS;1956.0;1
144500;;;RAINFOREST_RESIN;SEASHELLS;10004.0;2
144500;;;RAINFOREST_RESIN;SEASHELLS;10004.0;10
144600;;;KELP;SEASHELLS;2030.0;2
144600;;;RAINFOREST_RESIN;SEASHELLS;9998.0;2
144600;;;SQUID_INK;SEASHELLS;1955.0;2
144800;;;RAINFOREST_RESIN;SEASHELLS;10002.0;1
145100;;;KELP;SEASHELLS;2033.0;1
145100;;;RAINFOREST_RESIN;SEASHELLS;9998.0;6
145100;;;RAINFOREST_RESIN;SEASHELLS;10005.0;1
145100;;;SQUID_INK;SEASHELLS;1959.0;1
145200;;;KELP;SEASHELLS;2030.0;1
145200;;;SQUID_INK;SEASHELLS;1955.0;1
145600;;;KELP;SEASHELLS;2031.0;1
145600;;;KELP;SEASHELLS;2031.0;1
145600;;;RAINFOREST_RESIN;SEASHELLS;10002.0;1
145600;;;SQUID_INK;SEASHELLS;1957.0;1
145600;;;SQUID_INK;SEASHELLS;1957.0;1
145900;;;KELP;SEASHELLS;2030.0;2
145900;;;RAINFOREST_RESIN;SEASHELLS;10002.0;2
145900;;;SQUID_INK;SEASHELLS;1955.0;2
146400;;;KELP;SEASHELLS;2030.0;2
146400;;;RAINFOREST_RESIN;SEASHELLS;9998.0;1
146400;;;SQUID_INK;SEASHELLS;1954.0;2
146400;;;SQUID_INK;SEASHELLS;1954.0;1
147000;;;KELP;SEASHELLS;2033.0;2
147000;;;KELP;SEASHELLS;2032.0;1
147000;;;RAINFOREST_RESIN;SEASHELLS;10004.0;1
147000;;;RAINFOREST_RESIN;SEASHELLS;10004.0;1
147000;;;RAINFOREST_RESIN;SEASHELLS;10002.0;1
147000;;;SQUID_INK;SEASHELLS;1956.0;2
147000;;;SQUID_INK;SEASHELLS;1955.0;1
147200;;;KELP;SEASHELLS;2032.0;1
147200;;;SQUID_INK;SEASHELLS;1955.0;1
147400;;;KELP;SEASHELLS;2030.0;1
147400;;;SQUID_INK;SEASHELLS;1953.0;1
147500;;;KELP;SEASHELLS;2032.0;1
147500;;;SQUID_INK;SEASHELLS;1954.0;1
148100;;;SQUID_INK;SEASHELLS;1951.0;1
148200;;;KELP;SEASHELLS;2033.0;2
148200;;;KELP;SEASHELLS;2032.0;1
148200;;;RAINFOREST_RESIN;SEASHELLS;9998.0;1
148200;;;RAINFOREST_RESIN;SEASHELLS;9998.0;2
148200;;;RAINFOREST_RESIN;SEASHELLS;9998.0;2
148200;;;SQUID_INK;SEASHELLS;1953.0;2
148200;;;SQUID_INK;SEASHELLS;1952.0;1
148700;;;KELP;SEASHELLS;2032.0;1
148700;;;RAINFOREST_RESIN;SEASHELLS;10005.0;5
148700;;;RAINFOREST_RESIN;SEASHELLS;9995.0;2
148700;;;SQUID_INK;SEASHELLS;1956.0;1
148900;;;KELP;SEASHELLS;2031.0;3
148900;;;SQUID_INK;SEASHELLS;1957.0;3
149000;;;KELP;SEASHELLS;2029.0;1
149000;;;RAINFOREST_RESIN;SEASHELLS;10002.0;1
149000;;;SQUID_INK;SEASHELLS;1955.0;1
149100;;;KELP;SEASHELLS;2029.0;1
149100;;;SQUID_INK;SEASHELLS;1955.0;1
149400;;;KELP;SEASHELLS;2029.0;4
149400;;;SQUID_INK;SEASHELLS;1956.0;4
149500;;;KELP;SEASHELLS;2029.0;1
149500;;;SQUID_INK;SEASHELLS;1955.0;1
150300;;;RAINFOREST_RESIN;SEASHELLS;10002.0;1
150600;;;RAINFOREST_RESIN;SEASHELLS;10002.0;1
151100;;;RAINFOREST_RESIN;SEASHELLS;10002.0;5
151200;;;RAINFOREST_RESIN;SEASHELLS;10004.0;2
151500;;;KELP;SEASHELLS;2033.0;12
151500;;;KELP;SEASHELLS;2033.0;1
151500;;;RAINFOREST_RESIN;SEASHELLS;10004.0;1
151500;;;SQUID_INK;SEASHELLS;1961.0;12
151500;;;SQUID_INK;SEASHELLS;1961.0;1
151600;;;KELP;SEASHELLS;2031.0;1
151600;;;RAINFOREST_RESIN;SEASHELLS;9996.0;1
151600;;;RAINFOREST_RESIN;SEASHELLS;9995.0;1
151600;;;SQUID_INK;SEASHELLS;1959.0;1
151700;;;SQUID_INK;SEASHELLS;1959.0;1
152000;;;SQUID_INK;SEASHELLS;1960.0;3
152100;;;KELP;SEASHELLS;2032.0;1
152100;;;RAINFOREST_RESIN;SEASHELLS;10002.0;1
152100;;;SQUID_INK;SEASHELLS;1959.0;1
152400;;;RAINFOREST_RESIN;SEASHELLS;9998.0;1
152600;;;RAINFOREST_RESIN;SEASHELLS;9998.0;1
152700;;;RAINFOREST_RESIN;SEASHELLS;9996.0;1
152800;;;KELP;SEASHELLS;2032.0;1
152800;;;SQUID_INK;SEASHELLS;1961.0;1
153000;;;RAINFOREST_RESIN;SEASHELLS;9998.0;1
153200;;;RAINFOREST_RESIN;SEASHELLS;10002.0;2
153300;;;RAINFOREST_RESIN;SEASHELLS;9998.0;1
153400;;;SQUID_INK;SEASHELLS;1962.0;3
153500;;;KELP;SEASHELLS;2030.0;1
153500;;;SQUID_INK;SEASHELLS;1961.0;1
153600;;;KELP;SEASHELLS;2030.0;1
153600;;;SQUID_INK;SEASHELLS;1961.0;1
154000;;;KELP;SEASHELLS;2032.0;1
154000;;;SQUID_INK;SEASHELLS;1962.0;1
154200;;;KELP;SEASHELLS;2030.0;2
154200;;;RAINFOREST_RESIN;SEASHELLS;9996.0;1
154200;;;RAINFOREST_RESIN;SEASHELLS;9996.0;1
154200;;;SQUID_INK;SEASHELLS;1959.0;1
154200;;;SQUID_INK;SEASHELLS;1959.0;1
154900;;;KELP;SEASHELLS;2032.0;3
154900;;;SQUID_INK;SEASHELLS;1960.0;3
155100;;;KELP;SEASHELLS;2030.0;1
155100;;;KELP;SEASHELLS;2033.0;6
155100;;;SQUID_INK;SEASHELLS;1957.0;1
155100;;;SQUID_INK;SEASHELLS;1960.0;6
155200;;;KELP;SEASHELLS;2030.0;1
155200;;;KELP;SEASHELLS;2033.0;1
155200;;;RAINFOREST_RESIN;SEASHELLS;10004.0;1
155200;;;SQUID_INK;SEASHELLS;1957.0;1
155200;;;SQUID_INK;SEASHELLS;1960.0;1
155300;;;RAINFOREST_RESIN;SEASHELLS;9998.0;3
155600;;;KELP;SEASHELLS;2030.0;1
155600;;;SQUID_INK;SEASHELLS;1959.0;1
156000;;;KELP;SEASHELLS;2033.0;7
156000;;;SQUID_INK;SEASHELLS;1961.0;7
156100;;;RAINFOREST_RESIN;SEASHELLS;10002.0;1
156400;;;KELP;SEASHELLS;2033.0;15
156400;;;KELP;SEASHELLS;2032.0;5
156400;;;RAINFOREST_RESIN;SEASHELLS;9998.0;2
156400;;;RAINFOREST_RESIN;SEASHELLS;9998.0;1
156400;;;SQUID_INK;SEASHELLS;1962.0;15
156800;;;KELP;SEASHELLS;2032.0;2
156800;;;KELP;SEASHELLS;2032.0;5
156800;;;RAINFOREST_RESIN;SEASHELLS;9998.0;1
156800;;;RAINFOREST_RESIN;SEASHELLS;9998.0;1
156800;;;SQUID_INK;SEASHELLS;1961.0;2
156800;;;SQUID_INK;SEASHELLS;1961.0;5
156900;;;KELP;SEASHELLS;2033.0;1
156900;;;RAINFOREST_RESIN;SEASHELLS;9998.0;1
156900;;;SQUID_INK;SEASHELLS;1960.0;1
157100;;;RAINFOREST_RESIN;SEASHELLS;10002.0;1
157400;;;KELP;SEASHELLS;2030.0;1
157400;;;KELP;SEASHELLS;2033.0;11
157400;;;KELP;SEASHELLS;2030.0;1
157400;;;RAINFOREST_RESIN;SEASHELLS;9996.0;1
157400;;;SQUID_INK;SEASHELLS;1955.0;1
157400;;;SQUID_INK;SEASHELLS;1958.0;11
157400;;;SQUID_INK;SEASHELLS;1955.0;1
157600;;;KELP;SEASHELLS;2033.0;10
157600;;;SQUID_INK;SEASHELLS;1959.0;10
157700;;;KELP;SEASHELLS;2029.0;14
157700;;;SQUID_INK;SEASHELLS;1955.0;14
157800;;;RAINFOREST_RESIN;SEASHELLS;10002.0;1
158300;;;RAINFOREST_RESIN;SEASHELLS;9998.0;1
158400;;;KELP;SEASHELLS;2033.0;2
158400;;;RAINFOREST_RESIN;SEASHELLS;10004.0;1
158400;;;SQUID_INK;SEASHELLS;1957.0;2
158700;;;KELP;SEASHELLS;2032.0;1
158700;;;RAINFOREST_RESIN;SEASHELLS;9998.0;1
158700;;;SQUID_INK;SEASHELLS;1956.0;1
159000;;;KELP;SEASHELLS;2032.0;1
159000;;;SQUID_INK;SEASHELLS;1957.0;1
159200;;;KELP;SEASHELLS;2030.0;1
159200;;;SQUID_INK;SEASHELLS;1955.0;1
159300;;;KELP;SEASHELLS;2030.0;1
159300;;;SQUID_INK;SEASHELLS;1955.0;1
159400;;;KELP;SEASHELLS;2032.0;1
159400;;;RAINFOREST_RESIN;SEASHELLS;9998.0;1
159400;;;SQUID_INK;SEASHELLS;1958.0;1
159500;;;KELP;SEASHELLS;2032.0;1
159500;;;RAINFOREST_RESIN;SEASHELLS;9995.0;1
159500;;;SQUID_INK;SEASHELLS;1959.0;1
159700;;;KELP;SEASHELLS;2033.0;1
159700;;;KELP;SEASHELLS;2033.0;3
159700;;;SQUID_INK;SEASHELLS;1960.0;4
160000;;;RAINFOREST_RESIN;SEASHELLS;10005.0;12
160700;;;KELP;SEASHELLS;2031.0;2
160700;;;KELP;SEASHELLS;2031.0;2
160700;;;SQUID_INK;SEASHELLS;1962.0;4
161000;;;KELP;SEASHELLS;2031.0;1
161000;;;KELP;SEASHELLS;2031.0;2
161000;;;RAINFOREST_RESIN;SEASHELLS;9996.0;2
161000;;;SQUID_INK;SEASHELLS;1964.0;1
161000;;;SQUID_INK;SEASHELLS;1964.0;2
161500;;;KELP;SEASHELLS;2033.0;1
161500;;;SQUID_INK;SEASHELLS;1964.0;1
161600;;;RAINFOREST_RESIN;SEASHELLS;10002.0;1
163100;;;KELP;SEASHELLS;2030.0;1
163100;;;KELP;SEASHELLS;2032.0;6
163100;;;SQUID_INK;SEASHELLS;1962.0;1
163400;;;KELP;SEASHELLS;2033.0;1
163400;;;KELP;SEASHELLS;2033.0;1
163400;;;RAINFOREST_RESIN;SEASHELLS;10004.0;1
163400;;;RAINFOREST_RESIN;SEASHELLS;10004.0;1
163400;;;SQUID_INK;SEASHELLS;1965.0;2
163400;;;SQUID_INK;SEASHELLS;1964.0;4
163900;;;RAINFOREST_RESIN;SEASHELLS;10004.0;2
164000;;;KELP;SEASHELLS;2033.0;1
164000;;;KELP;SEASHELLS;2032.0;2
164000;;;SQUID_INK;SEASHELLS;1963.0;3
164200;;;KELP;SEASHELLS;2034.0;14
164200;;;SQUID_INK;SEASHELLS;1964.0;14
164400;;;KELP;SEASHELLS;2033.0;1
164400;;;SQUID_INK;SEASHELLS;1962.0;1
164600;;;RAINFOREST_RESIN;SEASHELLS;9998.0;1
164800;;;RAINFOREST_RESIN;SEASHELLS;10004.0;1
164800;;;RAINFOREST_RESIN;SEASHELLS;10004.0;3
164900;;;KELP;SEASHELLS;2031.0;8
164900;;;KELP;SEASHELLS;2034.0;1
164900;;;RAINFOREST_RESIN;SEASHELLS;10005.0;1
164900;;;SQUID_INK;SEASHELLS;1960.0;8
164900;;;SQUID_INK;SEASHELLS;1963.0;1
165600;;;KELP;SEASHELLS;2032.0;3
165700;;;KELP;SEASHELLS;2033.0;1
165800;;;KELP;SEASHELLS;2031.0;1
165800;;;RAINFOREST_RESIN;SEASHELLS;10004.0;1
165800;;;SQUID_INK;SEASHELLS;1957.0;1
165800;;;SQUID_INK;SEASHELLS;1960.0;1
165900;;;RAINFOREST_RESIN;SEASHELLS;9996.0;1
166200;;;RAINFOREST_RESIN;SEASHELLS;10002.0;1
166500;;;KELP;SEASHELLS;2031.0;1
166500;;;SQUID_INK;SEASHELLS;1957.0;1
167100;;;KELP;SEASHELLS;2031.0;2
167100;;;RAINFOREST_RESIN;SEASHELLS;9996.0;2
167100;;;SQUID_INK;SEASHELLS;1957.0;2
167400;;;KELP;SEASHELLS;2033.0;1
167400;;;SQUID_INK;SEASHELLS;1960.0;1
167800;;;KELP;SEASHELLS;2031.0;7
167800;;;SQUID_INK;SEASHELLS;1958.0;7
168200;;;KELP;SEASHELLS;2031.0;14
168200;;;KELP;SEASHELLS;2033.0;2
168200;;;RAINFOREST_RESIN;SEASHELLS;10005.0;2
168200;;;SQUID_INK;SEASHELLS;1958.0;14
168200;;;SQUID_INK;SEASHELLS;1960.0;2
168400;;;RAINFOREST_RESIN;SEASHELLS;9998.0;3
168400;;;RAINFOREST_RESIN;SEASHELLS;10004.0;1
168400;;;RAINFOREST_RESIN;SEASHELLS;10004.0;9
168700;;;KELP;SEASHELLS;2034.0;11
168700;;;SQUID_INK;SEASHELLS;1960.0;11
169000;;;KELP;SEASHELLS;2031.0;10
169000;;;RAINFOREST_RESIN;SEASHELLS;9998.0;1
169000;;;SQUID_INK;SEASHELLS;1954.0;10
169200;;;KELP;SEASHELLS;2030.0;2
169200;;;RAINFOREST_RESIN;SEASHELLS;9995.0;2
169200;;;SQUID_INK;SEASHELLS;1952.0;2
169300;;;SQUID_INK;SEASHELLS;1951.0;4
169900;;;RAINFOREST_RESIN;SEASHELLS;9998.0;2
170000;;;RAINFOREST_RESIN;SEASHELLS;9998.0;5
170100;;;KELP;SEASHELLS;2031.0;1
170100;;;SQUID_INK;SEASHELLS;1953.0;1
170200;;;RAINFOREST_RESIN;SEASHELLS;9998.0;1
171300;;;RAINFOREST_RESIN;SEASHELLS;9998.0;1
171300;;;SQUID_INK;SEASHELLS;1954.0;1
171600;;;KELP;SEASHELLS;2033.0;1
171600;;;RAINFOREST_RESIN;SEASHELLS;9998.0;1
171600;;;SQUID_INK;SEASHELLS;1956.0;1
171700;;;RAINFOREST_RESIN;SEASHELLS;10002.0;2
171800;;;KELP;SEASHELLS;2033.0;1
171800;;;RAINFOREST_RESIN;SEASHELLS;9995.0;1
171800;;;SQUID_INK;SEASHELLS;1956.0;1
172300;;;KELP;SEASHELLS;2031.0;14
172300;;;SQUID_INK;SEASHELLS;1953.0;14
172500;;;KELP;SEASHELLS;2030.0;9
172500;;;SQUID_INK;SEASHELLS;1953.0;9
172600;;;KELP;SEASHELLS;2034.0;1
172600;;;RAINFOREST_RESIN;SEASHELLS;10004.0;1
172600;;;SQUID_INK;SEASHELLS;1957.0;1
172800;;;KELP;SEASHELLS;2030.0;1
172800;;;SQUID_INK;SEASHELLS;1953.0;1
172900;;;RAINFOREST_RESIN;SEASHELLS;9998.0;2
173000;;;KELP;SEASHELLS;2030.0;2
173000;;;RAINFOREST_RESIN;SEASHELLS;9998.0;2
173000;;;SQUID_INK;SEASHELLS;1951.0;2
173100;;;KELP;SEASHELLS;2030.0;1
173100;;;SQUID_INK;SEASHELLS;1952.0;1
173300;;;KELP;SEASHELLS;2033.0;1
173300;;;KELP;SEASHELLS;2034.0;2
173300;;;RAINFOREST_RESIN;SEASHELLS;10004.0;1
173300;;;SQUID_INK;SEASHELLS;1957.0;15
173300;;;SQUID_INK;SEASHELLS;1957.0;2
173600;;;KELP;SEASHELLS;2032.0;1
173600;;;SQUID_INK;SEASHELLS;1957.0;1
174400;;;KELP;SEASHELLS;2030.0;2
174400;;;KELP;SEASHELLS;2031.0;3
174400;;;RAINFOREST_RESIN;SEASHELLS;10002.0;1
174400;;;SQUID_INK;SEASHELLS;1956.0;2
174400;;;SQUID_INK;SEASHELLS;1955.0;2
174400;;;SQUID_INK;SEASHELLS;1956.0;1
174600;;;RAINFOREST_RESIN;SEASHELLS;10002.0;1
174800;;;KELP;SEASHELLS;2030.0;1
174800;;;SQUID_INK;SEASHELLS;1955.0;1
175100;;;RAINFOREST_RESIN;SEASHELLS;10002.0;2
176300;;;RAINFOREST_RESIN;SEASHELLS;10005.0;3
176700;;;KELP;SEASHELLS;2030.0;2
176700;;;RAINFOREST_RESIN;SEASHELLS;9998.0;2
176700;;;RAINFOREST_RESIN;SEASHELLS;9998.0;2
176700;;;SQUID_INK;SEASHELLS;1954.0;2
177000;;;KELP;SEASHELLS;2030.0;1
177000;;;SQUID_INK;SEASHELLS;1952.0;1
177600;;;RAINFOREST_RESIN;SEASHELLS;10005.0;6
177900;;;KELP;SEASHELLS;2033.0;1
177900;;;RAINFOREST_RESIN;SEASHELLS;10004.0;1
177900;;;SQUID_INK;SEASHELLS;1954.0;1
178800;;;KELP;SEASHELLS;2030.0;1
178800;;;SQUID_INK;SEASHELLS;1945.0;1
179000;;;KELP;SEASHELLS;2033.0;13
179000;;;SQUID_INK;SEASHELLS;1948.0;13
179500;;;RAINFOREST_RESIN;SEASHELLS;10002.0;1
179600;;;SQUID_INK;SEASHELLS;1948.0;1
179900;;;RAINFOREST_RESIN;SEASHELLS;10002.0;4
180000;;;RAINFOREST_RESIN;SEASHELLS;9998.0;1
180100;;;KELP;SEASHELLS;2034.0;7
180100;;;SQUID_INK;SEASHELLS;1950.0;7
180300;;;KELP;SEASHELLS;2030.0;1
180300;;;SQUID_INK;SEASHELLS;1942.0;1
180400;;;SQUID_INK;SEASHELLS;1946.0;1
180600;;;RAINFOREST_RESIN;SEASHELLS;10002.0;1
180900;;;KELP;SEASHELLS;2034.0;2
180900;;;RAINFOREST_RESIN;SEASHELLS;10004.0;1
180900;;;RAINFOREST_RESIN;SEASHELLS;10004.0;1
180900;;;SQUID_INK;SEASHELLS;1945.0;2
181600;;;RAINFOREST_RESIN;SEASHELLS;10002.0;3
181700;;;KELP;SEASHELLS;2034.0;13
181700;;;SQUID_INK;SEASHELLS;1946.0;13
182200;;;KELP;SEASHELLS;2032.0;1
182200;;;SQUID_INK;SEASHELLS;1948.0;1
182300;;;SQUID_INK;SEASHELLS;1947.0;2
182400;;;KELP;SEASHELLS;2032.0;1
182500;;;KELP;SEASHELLS;2033.0;1
182500;;;RAINFOREST_RESIN;SEASHELLS;10002.0;1
182500;;;SQUID_INK;SEASHELLS;1950.0;1
182800;;;RAINFOREST_RESIN;SEASHELLS;10002.0;1
182900;;;KELP;SEASHELLS;2034.0;15
182900;;;SQUID_INK;SEASHELLS;1952.0;15
183300;;;KELP;SEASHELLS;2031.0;1
183300;;;SQUID_INK;SEASHELLS;1950.0;1
183400;;;RAINFOREST_RESIN;SEASHELLS;9998.0;10
183400;;;RAINFOREST_RESIN;SEASHELLS;9998.0;2
183600;;;KELP;SEASHELLS;2033.0;7
183600;;;RAINFOREST_RESIN;SEASHELLS;10002.0;1
183800;;;KELP;SEASHELLS;2031.0;1
183800;;;SQUID_INK;SEASHELLS;1949.0;1
184800;;;KELP;SEASHELLS;2033.0;1
184800;;;RAINFOREST_RESIN;SEASHELLS;9998.0;1
184800;;;SQUID_INK;SEASHELLS;1956.0;1
185000;;;KELP;SEASHELLS;2031.0;2
185000;;;RAINFOREST_RESIN;SEASHELLS;9996.0;1
185000;;;SQUID_INK;SEASHELLS;1955.0;2
185500;;;KELP;SEASHELLS;2031.0;2
185500;;;RAINFOREST_RESIN;SEASHELLS;9996.0;2
185500;;;SQUID_INK;SEASHELLS;1956.0;2
185600;;;KELP;SEASHELLS;2031.0;12
185600;;;SQUID_INK;SEASHELLS;1956.0;12
185800;;;KELP;SEASHELLS;2033.0;1
185800;;;SQUID_INK;SEASHELLS;1958.0;1
186200;;;RAINFOREST_RESIN;SEASHELLS;10002.0;5
186700;;;RAINFOREST_RESIN;SEASHELLS;9996.0;1
186700;;;RAINFOREST_RESIN;SEASHELLS;9996.0;11
187000;;;KELP;SEASHELLS;2032.0;1
187000;;;SQUID_INK;SEASHELLS;1952.0;1
187200;;;RAINFOREST_RESIN;SEASHELLS;9998.0;3
187300;;;KELP;SEASHELLS;2032.0;1
187300;;;RAINFOREST_RESIN;SEASHELLS;9995.0;1
187300;;;SQUID_INK;SEASHELLS;1954.0;1
187600;;;KELP;SEASHELLS;2032.0;1
187600;;;KELP;SEASHELLS;2032.0;1
187600;;;RAINFOREST_RESIN;SEASHELLS;10002.0;1
187600;;;SQUID_INK;SEASHELLS;1953.0;1
187600;;;SQUID_INK;SEASHELLS;1953.0;1
187900;;;RAINFOREST_RESIN;SEASHELLS;9998.0;4
187900;;;RAINFOREST_RESIN;SEASHELLS;10004.0;2
188200;;;KELP;SEASHELLS;2032.0;1
188200;;;KELP;SEASHELLS;2033.0;3
188200;;;RAINFOREST_RESIN;SEASHELLS;9996.0;1
188200;;;RAINFOREST_RESIN;SEASHELLS;9998.0;1
188200;;;SQUID_INK;SEASHELLS;1956.0;1
188500;;;KELP;SEASHELLS;2036.0;1
188500;;;RAINFOREST_RESIN;SEASHELLS;10005.0;1
188500;;;SQUID_INK;SEASHELLS;1960.0;1
189200;;;RAINFOREST_RESIN;SEASHELLS;9996.0;2
189600;;;KELP;SEASHELLS;2034.0;2
189600;;;RAINFOREST_RESIN;SEASHELLS;10002.0;2
189600;;;SQUID_INK;SEASHELLS;1960.0;2
189800;;;RAINFOREST_RESIN;SEASHELLS;9998.0;1
190000;;;RAINFOREST_RESIN;SEASHELLS;9998.0;1
190200;;;KELP;SEASHELLS;2033.0;1
190200;;;SQUID_INK;SEASHELLS;1958.0;1
190300;;;RAINFOREST_RESIN;SEASHELLS;9996.0;2
190800;;;KELP;SEASHELLS;2035.0;4
190900;;;KELP;SEASHELLS;2033.0;2
190900;;;RAINFOREST_RESIN;SEASHELLS;9995.0;2
190900;;;SQUID_INK;SEASHELLS;1958.0;2
192200;;;KELP;SEASHELLS;2035.0;1
192200;;;SQUID_INK;SEASHELLS;1960.0;1
192400;;;KELP;SEASHELLS;2036.0;15
192400;;;SQUID_INK;SEASHELLS;1960.0;15
192900;;;KELP;SEASHELLS;2033.0;2
192900;;;KELP;SEASHELLS;2033.0;2
192900;;;SQUID_INK;SEASHELLS;1959.0;2
192900;;;SQUID_INK;SEASHELLS;1959.0;2
193000;;;KELP;SEASHELLS;2032.0;1
193000;;;KELP;SEASHELLS;2032.0;1
193000;;;RAINFOREST_RESIN;SEASHELLS;9995.0;1
193000;;;SQUID_INK;SEASHELLS;1958.0;1
193000;;;SQUID_INK;SEASHELLS;1958.0;1
193100;;;KELP;SEASHELLS;2032.0;1
193100;;;SQUID_INK;SEASHELLS;1958.0;1
193200;;;KELP;SEASHELLS;2034.0;1
193200;;;SQUID_INK;SEASHELLS;1960.0;1
193700;;;KELP;SEASHELLS;2035.0;8
193700;;;RAINFOREST_RESIN;SEASHELLS;10005.0;11
193700;;;SQUID_INK;SEASHELLS;1961.0;8
193800;;;RAINFOREST_RESIN;SEASHELLS;9998.0;1
193900;;;KELP;SEASHELLS;2034.0;1
193900;;;RAINFOREST_RESIN;SEASHELLS;9996.0;2
193900;;;SQUID_INK;SEASHELLS;1960.0;1
194000;;;KELP;SEASHELLS;2034.0;1
194000;;;SQUID_INK;SEASHELLS;1959.0;1
194200;;;KELP;SEASHELLS;2032.0;1
194200;;;RAINFOREST_RESIN;SEASHELLS;10002.0;1
194200;;;SQUID_INK;SEASHELLS;1958.0;1
194300;;;KELP;SEASHELLS;2032.0;1
194300;;;SQUID_INK;SEASHELLS;1959.0;1
194800;;;KELP;SEASHELLS;2031.0;1
194800;;;RAINFOREST_RESIN;SEASHELLS;9995.0;1
194800;;;SQUID_INK;SEASHELLS;1961.0;1
195100;;;RAINFOREST_RESIN;SEASHELLS;9996.0;1
195300;;;SQUID_INK;SEASHELLS;1961.0;3
195500;;;SQUID_INK;SEASHELLS;1957.0;1
195600;;;KELP;SEASHELLS;2032.0;2
195600;;;RAINFOREST_RESIN;SEASHELLS;10004.0;2
195600;;;SQUID_INK;SEASHELLS;1958.0;2
196100;;;KELP;SEASHELLS;2033.0;6
196100;;;SQUID_INK;SEASHELLS;1957.0;6
196700;;;KELP;SEASHELLS;2034.0;1
196700;;;SQUID_INK;SEASHELLS;1957.0;1
197000;;;RAINFOREST_RESIN;SEASHELLS;9998.0;1
197100;;;RAINFOREST_RESIN;SEASHELLS;10002.0;1
197400;;;RAINFOREST_RESIN;SEASHELLS;9996.0;1
197500;;;RAINFOREST_RESIN;SEASHELLS;9998.0;5
197700;;;KELP;SEASHELLS;2032.0;1
197700;;;KELP;SEASHELLS;2032.0;1
197700;;;RAINFOREST_RESIN;SEASHELLS;9995.0;1
197700;;;SQUID_INK;SEASHELLS;1956.0;1
197700;;;SQUID_INK;SEASHELLS;1956.0;1
198000;;;KELP;SEASHELLS;2032.0;1
198000;;;KELP;SEASHELLS;2032.0;14
198000;;;SQUID_INK;SEASHELLS;1958.0;1
198400;;;KELP;SEASHELLS;2033.0;2
198400;;;RAINFOREST_RESIN;SEASHELLS;9998.0;1
198400;;;SQUID_INK;SEASHELLS;1960.0;2
198500;;;RAINFOREST_RESIN;SEASHELLS;10002.0;3
199000;;;KELP;SEASHELLS;2033.0;1
199000;;;SQUID_INK;SEASHELLS;1958.0;1
199300;;;KELP;SEASHELLS;2035.0;1
199300;;;SQUID_INK;SEASHELLS;1960.0;1
199400;;;RAINFOREST_RESIN;SEASHELLS;10002.0;3
199400;;;RAINFOREST_RESIN;SEASHELLS;10002.0;1
199700;;;RAINFOREST_RESIN;SEASHELLS;10002.0;1
200100;;;KELP;SEASHELLS;2033.0;2
200100;;;RAINFOREST_RESIN;SEASHELLS;10002.0;5
200100;;;SQUID_INK;SEASHELLS;1954.0;2
200200;;;KELP;SEASHELLS;2033.0;15
200200;;;SQUID_INK;SEASHELLS;1952.0;15
200300;;;KELP;SEASHELLS;2033.0;1
200300;;;RAINFOREST_RESIN;SEASHELLS;10004.0;2
200300;;;SQUID_INK;SEASHELLS;1951.0;1
200300;;;SQUID_INK;SEASHELLS;1954.0;2
200400;;;KELP;SEASHELLS;2036.0;1
200400;;;RAINFOREST_RESIN;SEASHELLS;10004.0;1
200400;;;SQUID_INK;SEASHELLS;1956.0;1
200800;;;RAINFOREST_RESIN;SEASHELLS;10002.0;1
200900;;;SQUID_INK;SEASHELLS;1952.0;1
201800;;;RAINFOREST_RESIN;SEASHELLS;9998.0;3
202000;;;RAINFOREST_RESIN;SEASHELLS;10002.0;3
202100;;;KELP;SEASHELLS;2032.0;1
202100;;;SQUID_INK;SEASHELLS;1956.0;1
202200;;;RAINFOREST_RESIN;SEASHELLS;10002.0;5
202600;;;RAINFOREST_RESIN;SEASHELLS;10002.0;4
203000;;;KELP;SEASHELLS;2034.0;1
203000;;;SQUID_INK;SEASHELLS;1958.0;1
203300;;;RAINFOREST_RESIN;SEASHELLS;9996.0;2
203700;;;KELP;SEASHELLS;2034.0;1
203700;;;SQUID_INK;SEASHELLS;1955.0;1
203900;;;KELP;SEASHELLS;2034.0;2
203900;;;RAINFOREST_RESIN;SEASHELLS;10004.0;1
203900;;;SQUID_INK;SEASHELLS;1956.0;2
204000;;;KELP;SEASHELLS;2034.0;2
204000;;;SQUID_INK;SEASHELLS;1957.0;2
204200;;;KELP;SEASHELLS;2034.0;1
204200;;;SQUID_INK;SEASHELLS;1957.0;1
204400;;;KELP;SEASHELLS;2034.0;1
204400;;;SQUID_INK;SEASHELLS;1959.0;1
204500;;;KELP;SEASHELLS;2034.0;1
204500;;;SQUID_INK;SEASHELLS;1959.0;1
204600;;;KELP;SEASHELLS;2034.0;4
204600;;;SQUID_INK;SEASHELLS;1959.0;4
204800;;;RAINFOREST_RESIN;SEASHELLS;10004.0;1
204800;;;RAINFOREST_RESIN;SEASHELLS;10004.0;7
205000;;;KELP;SEASHELLS;2032.0;1
205000;;;KELP;SEASHELLS;2035.0;2
205000;;;RAINFOREST_RESIN;SEASHELLS;10004.0;2
205000;;;SQUID_INK;SEASHELLS;1957.0;1
205400;;;KELP;SEASHELLS;2035.0;1
205400;;;SQUID_INK;SEASHELLS;1957.0;1
205800;;;RAINFOREST_RESIN;SEASHELLS;10002.0;1
206400;;;KELP;SEASHELLS;2033.0;2
206400;;;RAINFOREST_RESIN;SEASHELLS;9996.0;2
206400;;;SQUID_INK;SEASHELLS;1960.0;2
206700;;;KELP;SEASHELLS;2033.0;2
206700;;;KELP;SEASHELLS;2033.0;3
206700;;;SQUID_INK;SEASHELLS;1959.0;5
207000;;;KELP;SEASHELLS;2032.0;1
207000;;;RAINFOREST_RESIN;SEASHELLS;9998.0;1
207000;;;SQUID_INK;SEASHELLS;1956.0;1
207300;;;KELP;SEASHELLS;2035.0;1
207300;;;RAINFOREST_RESIN;SEASHELLS;10004.0;1
207300;;;SQUID_INK;SEASHELLS;1957.0;1
207500;;;RAINFOREST_RESIN;SEASHELLS;9996.0;2
207500;;;RAINFOREST_RESIN;SEASHELLS;9996.0;5
207600;;;KELP;SEASHELLS;2034.0;8
207800;;;KELP;SEASHELLS;2035.0;15
207800;;;KELP;SEASHELLS;2034.0;1
207800;;;SQUID_INK;SEASHELLS;1958.0;15
207800;;;SQUID_INK;SEASHELLS;1957.0;1
207900;;;KELP;SEASHELLS;2032.0;1
207900;;;SQUID_INK;SEASHELLS;1955.0;1
208000;;;KELP;SEASHELLS;2035.0;1
208000;;;RAINFOREST_RESIN;SEASHELLS;10004.0;1
208000;;;SQUID_INK;SEASHELLS;1958.0;1
208100;;;KELP;SEASHELLS;2032.0;3
208100;;;KELP;SEASHELLS;2032.0;12
208100;;;KELP;SEASHELLS;2035.0;1
208100;;;RAINFOREST_RESIN;SEASHELLS;9998.0;1
208100;;;SQUID_INK;SEASHELLS;1955.0;3
208100;;;SQUID_INK;SEASHELLS;1955.0;12
208100;;;SQUID_INK;SEASHELLS;1958.0;1
208300;;;KELP;SEASHELLS;2032.0;1
208300;;;SQUID_INK;SEASHELLS;1954.0;1
208700;;;KELP;SEASHELLS;2032.0;1
208700;;;SQUID_INK;SEASHELLS;1953.0;1
208900;;;KELP;SEASHELLS;2032.0;2
208900;;;KELP;SEASHELLS;2032.0;1
208900;;;KELP;SEASHELLS;2033.0;2
208900;;;SQUID_INK;SEASHELLS;1953.0;2
208900;;;SQUID_INK;SEASHELLS;1953.0;1
208900;;;SQUID_INK;SEASHELLS;1954.0;2
209000;;;KELP;SEASHELLS;2034.0;1
209000;;;SQUID_INK;SEASHELLS;1953.0;1
209700;;;KELP;SEASHELLS;2031.0;1
209700;;;RAINFOREST_RESIN;SEASHELLS;9996.0;2
209700;;;RAINFOREST_RESIN;SEASHELLS;9996.0;5
209700;;;SQUID_INK;SEASHELLS;1943.0;1
209900;;;RAINFOREST_RESIN;SEASHELLS;9998.0;1
210000;;;KELP;SEASHELLS;2031.0;3
210000;;;SQUID_INK;SEASHELLS;1946.0;3
210100;;;KELP;SEASHELLS;2031.0;1
210100;;;SQUID_INK;SEASHELLS;1945.0;1
210300;;;KELP;SEASHELLS;2030.0;1
210300;;;KELP;SEASHELLS;2034.0;1
210300;;;RAINFOREST_RESIN;SEASHELLS;10002.0;1
210300;;;SQUID_INK;SEASHELLS;1946.0;1
210300;;;SQUID_INK;SEASHELLS;1949.0;1
210400;;;KELP;SEASHELLS;2030.0;1
210400;;;SQUID_INK;SEASHELLS;1946.0;1
210600;;;KELP;SEASHELLS;2030.0;1
210600;;;RAINFOREST_RESIN;SEASHELLS;9995.0;1
210600;;;SQUID_INK;SEASHELLS;1945.0;1
210700;;;KELP;SEASHELLS;2030.0;1
210700;;;RAINFOREST_RESIN;SEASHELLS;9996.0;1
210700;;;SQUID_INK;SEASHELLS;1944.0;1
211100;;;KELP;SEASHELLS;2034.0;1
211100;;;RAINFOREST_RESIN;SEASHELLS;10002.0;1
211100;;;RAINFOREST_RESIN;SEASHELLS;10002.0;1
211100;;;SQUID_INK;SEASHELLS;1939.0;1
211300;;;KELP;SEASHELLS;2034.0;11
211300;;;RAINFOREST_RESIN;SEASHELLS;9998.0;1
211300;;;SQUID_INK;SEASHELLS;1938.0;11
211400;;;RAINFOREST_RESIN;SEASHELLS;9996.0;2
211400;;;RAINFOREST_RESIN;SEASHELLS;9996.0;1
211500;;;KELP;SEASHELLS;2032.0;6
211500;;;SQUID_INK;SEASHELLS;1935.0;6
211500;;;SQUID_INK;SEASHELLS;1935.0;5
211800;;;KELP;SEASHELLS;2032.0;1
211800;;;SQUID_INK;SEASHELLS;1934.0;1
212000;;;KELP;SEASHELLS;2032.0;9
212000;;;SQUID_INK;SEASHELLS;1930.0;9
212300;;;KELP;SEASHELLS;2034.0;5
212300;;;KELP;SEASHELLS;2036.0;13
212300;;;KELP;SEASHELLS;2036.0;1
212300;;;RAINFOREST_RESIN;SEASHELLS;9998.0;1
212300;;;SQUID_INK;SEASHELLS;1933.0;5
212300;;;SQUID_INK;SEASHELLS;1935.0;13
212300;;;SQUID_INK;SEASHELLS;1935.0;1
212500;;;KELP;SEASHELLS;2034.0;6
212500;;;SQUID_INK;SEASHELLS;1938.0;6
212500;;;SQUID_INK;SEASHELLS;1938.0;1
212800;;;KELP;SEASHELLS;2033.0;1
212800;;;SQUID_INK;SEASHELLS;1934.0;1
213000;;;RAINFOREST_RESIN;SEASHELLS;9998.0;1
213900;;;KELP;SEASHELLS;2034.0;1
213900;;;RAINFOREST_RESIN;SEASHELLS;9998.0;3
213900;;;SQUID_INK;SEASHELLS;1930.0;1
214100;;;RAINFOREST_RESIN;SEASHELLS;9998.0;1
214100;;;RAINFOREST_RESIN;SEASHELLS;9998.0;1
214500;;;RAINFOREST_RESIN;SEASHELLS;9998.0;3
214500;;;RAINFOREST_RESIN;SEASHELLS;9998.0;1
214700;;;RAINFOREST_RESIN;SEASHELLS;9996.0;2
214800;;;KELP;SEASHELLS;2033.0;2
214800;;;KELP;SEASHELLS;2033.0;3
214800;;;SQUID_INK;SEASHELLS;1926.0;5
215100;;;RAINFOREST_RESIN;SEASHELLS;9998.0;1
215800;;;SQUID_INK;SEASHELLS;1919.0;1
215900;;;KELP;SEASHELLS;2032.0;7
215900;;;SQUID_INK;SEASHELLS;1920.0;7
216000;;;KELP;SEASHELLS;2032.0;1
216000;;;KELP;SEASHELLS;2034.0;1
216000;;;KELP;SEASHELLS;2034.0;8
216000;;;SQUID_INK;SEASHELLS;1919.0;1
216000;;;SQUID_INK;SEASHELLS;1921.0;1
216100;;;RAINFOREST_RESIN;SEASHELLS;10002.0;1
216400;;;KELP;SEASHELLS;2032.0;3
216400;;;SQUID_INK;SEASHELLS;1924.0;3
216500;;;KELP;SEASHELLS;2031.0;1
216500;;;SQUID_INK;SEASHELLS;1925.0;1
216600;;;KELP;SEASHELLS;2033.0;5
216600;;;KELP;SEASHELLS;2033.0;7
216600;;;RAINFOREST_RESIN;SEASHELLS;9998.0;1
216600;;;SQUID_INK;SEASHELLS;1925.0;5
216600;;;SQUID_INK;SEASHELLS;1925.0;7
216900;;;KELP;SEASHELLS;2031.0;7
217100;;;RAINFOREST_RESIN;SEASHELLS;9996.0;1
217400;;;KELP;SEASHELLS;2032.0;4
217400;;;SQUID_INK;SEASHELLS;1924.0;4
217400;;;SQUID_INK;SEASHELLS;1924.0;7
217500;;;KELP;SEASHELLS;2032.0;1
217500;;;RAINFOREST_RESIN;SEASHELLS;9996.0;1
217500;;;SQUID_INK;SEASHELLS;1924.0;1
217700;;;KELP;SEASHELLS;2034.0;1
217800;;;RAINFOREST_RESIN;SEASHELLS;9996.0;1
218200;;;KELP;SEASHELLS;2032.0;1
218700;;;KELP;SEASHELLS;2034.0;1
218700;;;SQUID_INK;SEASHELLS;1931.0;1
219400;;;KELP;SEASHELLS;2034.0;1
219400;;;KELP;SEASHELLS;2034.0;1
219400;;;RAINFOREST_RESIN;SEASHELLS;10004.0;1
219400;;;SQUID_INK;SEASHELLS;1931.0;1
219400;;;SQUID_INK;SEASHELLS;1931.0;1
219600;;;KELP;SEASHELLS;2034.0;1
219600;;;SQUID_INK;SEASHELLS;1931.0;1
220000;;;KELP;SEASHELLS;2043.0;15
220500;;;KELP;SEASHELLS;2037.0;3
221000;;;KELP;SEASHELLS;2041.0;10
221000;;;SQUID_INK;SEASHELLS;1936.0;10
221100;;;KELP;SEASHELLS;2040.0;1
221100;;;RAINFOREST_RESIN;SEASHELLS;10002.0;1
221100;;;SQUID_INK;SEASHELLS;1936.0;1
221200;;;KELP;SEASHELLS;2036.0;1
221200;;;RAINFOREST_RESIN;SEASHELLS;10002.0;1
221200;;;SQUID_INK;SEASHELLS;1934.0;1
221800;;;KELP;SEASHELLS;2038.0;5
221800;;;SQUID_INK;SEASHELLS;1934.0;5
222200;;;RAINFOREST_RESIN;SEASHELLS;9998.0;2
222400;;;KELP;SEASHELLS;2037.0;2
222800;;;KELP;SEASHELLS;2039.0;1
222800;;;SQUID_INK;SEASHELLS;1941.0;1
223000;;;KELP;SEASHELLS;2037.0;1
223000;;;KELP;SEASHELLS;2037.0;5
223000;;;SQUID_INK;SEASHELLS;1942.0;1
223000;;;SQUID_INK;SEASHELLS;1942.0;5
223100;;;RAINFOREST_RESIN;SEASHELLS;9998.0;2
223600;;;RAINFOREST_RESIN;SEASHELLS;10002.0;1
223700;;;KELP;SEASHELLS;2040.0;1
223700;;;RAINFOREST_RESIN;SEASHELLS;10005.0;1
223700;;;SQUID_INK;SEASHELLS;1944.0;1
223800;;;KELP;SEASHELLS;2037.0;1
223800;;;RAINFOREST_RESIN;SEASHELLS;10002.0;1
223800;;;SQUID_INK;SEASHELLS;1941.0;1
224400;;;KELP;SEASHELLS;2038.0;11
224400;;;SQUID_INK;SEASHELLS;1939.0;11
224500;;;KELP;SEASHELLS;2040.0;4
224500;;;RAINFOREST_RESIN;SEASHELLS;10002.0;1
224600;;;KELP;SEASHELLS;2041.0;1
224600;;;RAINFOREST_RESIN;SEASHELLS;10004.0;1
224600;;;RAINFOREST_RESIN;SEASHELLS;10005.0;1
224600;;;SQUID_INK;SEASHELLS;1940.0;1
225000;;;RAINFOREST_RESIN;SEASHELLS;9996.0;1
225500;;;KELP;SEASHELLS;2038.0;1
225500;;;SQUID_INK;SEASHELLS;1936.0;3
225500;;;SQUID_INK;SEASHELLS;1936.0;1
225700;;;KELP;SEASHELLS;2038.0;1
225700;;;RAINFOREST_RESIN;SEASHELLS;10002.0;1
225700;;;SQUID_INK;SEASHELLS;1935.0;1
226100;;;RAINFOREST_RESIN;SEASHELLS;9998.0;1
226100;;;RAINFOREST_RESIN;SEASHELLS;9998.0;4
226700;;;KELP;SEASHELLS;2037.0;2
226700;;;RAINFOREST_RESIN;SEASHELLS;9998.0;2
226700;;;SQUID_INK;SEASHELLS;1931.0;2
226800;;;KELP;SEASHELLS;2038.0;5
226800;;;SQUID_INK;SEASHELLS;1932.0;5
227100;;;KELP;SEASHELLS;2037.0;1
227100;;;SQUID_INK;SEASHELLS;1935.0;1
227300;;;RAINFOREST_RESIN;SEASHELLS;9998.0;1
227700;;;KELP;SEASHELLS;2038.0;1
227700;;;RAINFOREST_RESIN;SEASHELLS;9996.0;1
227700;;;SQUID_INK;SEASHELLS;1936.0;1
228300;;;KELP;SEASHELLS;2038.0;6
228300;;;KELP;SEASHELLS;2038.0;1
228300;;;SQUID_INK;SEASHELLS;1934.0;6
228300;;;SQUID_INK;SEASHELLS;1934.0;1
228400;;;KELP;SEASHELLS;2037.0;1
228400;;;SQUID_INK;SEASHELLS;1934.0;1
229400;;;RAINFOREST_RESIN;SEASHELLS;9998.0;1
229600;;;RAINFOREST_RESIN;SEASHELLS;10002.0;1
229900;;;KELP;SEASHELLS;2037.0;13
229900;;;SQUID_INK;SEASHELLS;1932.0;13
230000;;;SQUID_INK;SEASHELLS;1931.0;1
230100;;;KELP;SEASHELLS;2037.0;1
230100;;;SQUID_INK;SEASHELLS;1930.0;1
230300;;;RAINFOREST_RESIN;SEASHELLS;9996.0;1
230300;;;RAINFOREST_RESIN;SEASHELLS;9996.0;9
230400;;;KELP;SEASHELLS;2041.0;1
230400;;;RAINFOREST_RESIN;SEASHELLS;10002.0;1
230400;;;SQUID_INK;SEASHELLS;1934.0;1
230500;;;KELP;SEASHELLS;2037.0;1
230500;;;SQUID_INK;SEASHELLS;1929.0;1
230900;;;KELP;SEASHELLS;2041.0;1
230900;;;RAINFOREST_RESIN;SEASHELLS;10004.0;1
230900;;;SQUID_INK;SEASHELLS;1933.0;1
231100;;;KELP;SEASHELLS;2038.0;5
231300;;;RAINFOREST_RESIN;SEASHELLS;9998.0;1
231400;;;KELP;SEASHELLS;2039.0;2
231400;;;SQUID_INK;SEASHELLS;1932.0;2
231700;;;KELP;SEASHELLS;2037.0;1
231700;;;KELP;SEASHELLS;2038.0;4
231700;;;RAINFOREST_RESIN;SEASHELLS;10000.0;4
231700;;;SQUID_INK;SEASHELLS;1932.0;1
231700;;;SQUID_INK;SEASHELLS;1933.0;4
232100;;;RAINFOREST_RESIN;SEASHELLS;10002.0;1
232300;;;KELP;SEASHELLS;2040.0;1
232300;;;RAINFOREST_RESIN;SEASHELLS;10002.0;1
232300;;;SQUID_INK;SEASHELLS;1935.0;1
232600;;;KELP;SEASHELLS;2040.0;1
232600;;;RAINFOREST_RESIN;SEASHELLS;9998.0;2
232600;;;RAINFOREST_RESIN;SEASHELLS;9998.0;1
232600;;;SQUID_INK;SEASHELLS;1936.0;1
234200;;;KELP;SEASHELLS;2038.0;1
234200;;;SQUID_INK;SEASHELLS;1935.0;1
234300;;;KELP;SEASHELLS;2037.0;1
234300;;;RAINFOREST_RESIN;SEASHELLS;9995.0;1
234300;;;SQUID_INK;SEASHELLS;1935.0;1
234500;;;RAINFOREST_RESIN;SEASHELLS;9998.0;1
234700;;;KELP;SEASHELLS;2041.0;2
234700;;;RAINFOREST_RESIN;SEASHELLS;10004.0;1
234700;;;RAINFOREST_RESIN;SEASHELLS;10004.0;1
234700;;;SQUID_INK;SEASHELLS;1940.0;2
234800;;;RAINFOREST_RESIN;SEASHELLS;9998.0;1
235200;;;RAINFOREST_RESIN;SEASHELLS;9995.0;8
235500;;;KELP;SEASHELLS;2037.0;1
235900;;;KELP;SEASHELLS;2037.0;3
235900;;;SQUID_INK;SEASHELLS;1936.0;3
236200;;;RAINFOREST_RESIN;SEASHELLS;9998.0;1
236400;;;RAINFOREST_RESIN;SEASHELLS;9998.0;1
236800;;;RAINFOREST_RESIN;SEASHELLS;9998.0;1
236900;;;KELP;SEASHELLS;2037.0;1
237000;;;KELP;SEASHELLS;2040.0;1
237000;;;RAINFOREST_RESIN;SEASHELLS;9998.0;1
237000;;;RAINFOREST_RESIN;SEASHELLS;9998.0;3
237000;;;SQUID_INK;SEASHELLS;1937.0;1
237300;;;KELP;SEASHELLS;2036.0;1
237300;;;KELP;SEASHELLS;2036.0;1
237300;;;RAINFOREST_RESIN;SEASHELLS;9996.0;1
237300;;;SQUID_INK;SEASHELLS;1933.0;1
237300;;;SQUID_INK;SEASHELLS;1933.0;1
237400;;;KELP;SEASHELLS;2036.0;1
237400;;;RAINFOREST_RESIN;SEASHELLS;9998.0;1
237400;;;SQUID_INK;SEASHELLS;1933.0;1
237700;;;RAINFOREST_RESIN;SEASHELLS;9998.0;1
238000;;;KELP;SEASHELLS;2037.0;1
238000;;;SQUID_INK;SEASHELLS;1933.0;1
238300;;;RAINFOREST_RESIN;SEASHELLS;9998.0;5
238600;;;KELP;SEASHELLS;2036.0;8
238600;;;SQUID_INK;SEASHELLS;1933.0;8
238700;;;KELP;SEASHELLS;2037.0;1
238700;;;KELP;SEASHELLS;2040.0;1
238700;;;RAINFOREST_RESIN;SEASHELLS;10004.0;1
238700;;;RAINFOREST_RESIN;SEASHELLS;10002.0;1
238700;;;SQUID_INK;SEASHELLS;1933.0;1
238700;;;SQUID_INK;SEASHELLS;1936.0;1
238800;;;KELP;SEASHELLS;2040.0;14
238800;;;SQUID_INK;SEASHELLS;1936.0;14
239300;;;KELP;SEASHELLS;2038.0;1
239300;;;RAINFOREST_RESIN;SEASHELLS;10004.0;1
239300;;;RAINFOREST_RESIN;SEASHELLS;10005.0;1
239300;;;RAINFOREST_RESIN;SEASHELLS;10004.0;8
239300;;;SQUID_INK;SEASHELLS;1936.0;1
240100;;;RAINFOREST_RESIN;SEASHELLS;9998.0;3
240100;;;SQUID_INK;SEASHELLS;1930.0;3
240200;;;RAINFOREST_RESIN;SEASHELLS;10000.0;2
240200;;;RAINFOREST_RESIN;SEASHELLS;10002.0;5
240700;;;KELP;SEASHELLS;2039.0;1
240700;;;SQUID_INK;SEASHELLS;1930.0;1
241000;;;KELP;SEASHELLS;2040.0;6
241000;;;RAINFOREST_RESIN;SEASHELLS;9998.0;5
241000;;;SQUID_INK;SEASHELLS;1930.0;6
241200;;;RAINFOREST_RESIN;SEASHELLS;10004.0;2
241200;;;RAINFOREST_RESIN;SEASHELLS;10004.0;6
241300;;;KELP;SEASHELLS;2037.0;4
241300;;;SQUID_INK;SEASHELLS;1927.0;4
241300;;;SQUID_INK;SEASHELLS;1927.0;4
241400;;;RAINFOREST_RESIN;SEASHELLS;9998.0;1
241600;;;KELP;SEASHELLS;2037.0;4
241600;;;SQUID_INK;SEASHELLS;1930.0;4
242000;;;RAINFOREST_RESIN;SEASHELLS;9998.0;1
242400;;;RAINFOREST_RESIN;SEASHELLS;10004.0;1
242800;;;KELP;SEASHELLS;2039.0;7
242800;;;SQUID_INK;SEASHELLS;1930.0;7
243000;;;KELP;SEASHELLS;2036.0;1
243000;;;SQUID_INK;SEASHELLS;1926.0;1
243500;;;RAINFOREST_RESIN;SEASHELLS;10002.0;1
243600;;;RAINFOREST_RESIN;SEASHELLS;9998.0;1
243900;;;RAINFOREST_RESIN;SEASHELLS;9998.0;1
244100;;;KELP;SEASHELLS;2036.0;1
244100;;;RAINFOREST_RESIN;SEASHELLS;9996.0;1
244100;;;SQUID_INK;SEASHELLS;1924.0;1
244300;;;KELP;SEASHELLS;2036.0;1
244300;;;KELP;SEASHELLS;2036.0;7
244300;;;KELP;SEASHELLS;2036.0;8
244300;;;SQUID_INK;SEASHELLS;1928.0;1
244300;;;SQUID_INK;SEASHELLS;1928.0;7
244300;;;SQUID_INK;SEASHELLS;1928.0;8
244500;;;KELP;SEASHELLS;2036.0;11
244500;;;SQUID_INK;SEASHELLS;1927.0;11
244900;;;KELP;SEASHELLS;2036.0;14
244900;;;KELP;SEASHELLS;2037.0;2
244900;;;SQUID_INK;SEASHELLS;1927.0;14
244900;;;SQUID_INK;SEASHELLS;1928.0;2
245200;;;KELP;SEASHELLS;2036.0;1
245200;;;SQUID_INK;SEASHELLS;1927.0;1
245300;;;RAINFOREST_RESIN;SEASHELLS;10002.0;1
245700;;;KELP;SEASHELLS;2039.0;14
245700;;;SQUID_INK;SEASHELLS;1932.0;14
246000;;;KELP;SEASHELLS;2038.0;1
246100;;;KELP;SEASHELLS;2036.0;14
246100;;;SQUID_INK;SEASHELLS;1929.0;14
246800;;;KELP;SEASHELLS;2037.0;1
246800;;;SQUID_INK;SEASHELLS;1931.0;1
246800;;;SQUID_INK;SEASHELLS;1931.0;1
247000;;;KELP;SEASHELLS;2036.0;1
247000;;;RAINFOREST_RESIN;SEASHELLS;10002.0;5
247000;;;SQUID_INK;SEASHELLS;1930.0;1
247200;;;KELP;SEASHELLS;2038.0;1
247200;;;SQUID_INK;SEASHELLS;1932.0;1
247500;;;RAINFOREST_RESIN;SEASHELLS;9995.0;8
247600;;;RAINFOREST_RESIN;SEASHELLS;9995.0;7
248100;;;KELP;SEASHELLS;2038.0;1
248100;;;KELP;SEASHELLS;2039.0;9
248100;;;KELP;SEASHELLS;2036.0;2
248100;;;RAINFOREST_RESIN;SEASHELLS;9998.0;2
248100;;;SQUID_INK;SEASHELLS;1936.0;1
248100;;;SQUID_INK;SEASHELLS;1937.0;9
248100;;;SQUID_INK;SEASHELLS;1934.0;2
248200;;;KELP;SEASHELLS;2036.0;1
248200;;;SQUID_INK;SEASHELLS;1932.0;1
248400;;;KELP;SEASHELLS;2040.0;2
248400;;;RAINFOREST_RESIN;SEASHELLS;10005.0;2
248400;;;SQUID_INK;SEASHELLS;1935.0;2
248700;;;RAINFOREST_RESIN;SEASHELLS;10005.0;4
248800;;;KELP;SEASHELLS;2036.0;1
248800;;;SQUID_INK;SEASHELLS;1932.0;1
248900;;;KELP;SEASHELLS;2036.0;1
248900;;;SQUID_INK;SEASHELLS;1933.0;1
249100;;;RAINFOREST_RESIN;SEASHELLS;9998.0;1
249200;;;KELP;SEASHELLS;2038.0;1
249200;;;SQUID_INK;SEASHELLS;1935.0;1
249200;;;SQUID_INK;SEASHELLS;1935.0;3
249400;;;KELP;SEASHELLS;2036.0;1
249400;;;RAINFOREST_RESIN;SEASHELLS;9998.0;4
249400;;;SQUID_INK;SEASHELLS;1934.0;1
249500;;;RAINFOREST_RESIN;SEASHELLS;9998.0;1
249600;;;KELP;SEASHELLS;2036.0;7
249600;;;SQUID_INK;SEASHELLS;1933.0;2
249600;;;SQUID_INK;SEASHELLS;1933.0;5
249700;;;RAINFOREST_RESIN;SEASHELLS;10002.0;1
249700;;;RAINFOREST_RESIN;SEASHELLS;9996.0;1
249800;;;KELP;SEASHELLS;2039.0;6
249800;;;SQUID_INK;SEASHELLS;1930.0;6
250000;;;RAINFOREST_RESIN;SEASHELLS;10002.0;5
250100;;;KELP;SEASHELLS;2036.0;15
250100;;;SQUID_INK;SEASHELLS;1926.0;15
250200;;;RAINFOREST_RESIN;SEASHELLS;9995.0;9
250400;;;KELP;SEASHELLS;2039.0;2
250400;;;RAINFOREST_RESIN;SEASHELLS;9998.0;1
250400;;;SQUID_INK;SEASHELLS;1930.0;2
250700;;;KELP;SEASHELLS;2038.0;4
250700;;;SQUID_INK;SEASHELLS;1924.0;4
251400;;;KELP;SEASHELLS;2038.0;1
251400;;;KELP;SEASHELLS;2037.0;4
251400;;;SQUID_INK;SEASHELLS;1927.0;1
251400;;;SQUID_INK;SEASHELLS;1926.0;4
251700;;;KELP;SEASHELLS;2038.0;1
251700;;;SQUID_INK;SEASHELLS;1929.0;1
252000;;;KELP;SEASHELLS;2036.0;1
252000;;;RAINFOREST_RESIN;SEASHELLS;9998.0;1
252000;;;SQUID_INK;SEASHELLS;1927.0;1
252100;;;KELP;SEASHELLS;2036.0;3
252100;;;SQUID_INK;SEASHELLS;1929.0;3
252700;;;KELP;SEASHELLS;2038.0;1
252700;;;SQUID_INK;SEASHELLS;1931.0;1
252800;;;KELP;SEASHELLS;2039.0;2
252800;;;RAINFOREST_RESIN;SEASHELLS;10004.0;1
252800;;;SQUID_INK;SEASHELLS;1932.0;2
253100;;;KELP;SEASHELLS;2039.0;1
253100;;;RAINFOREST_RESIN;SEASHELLS;10004.0;1
253100;;;SQUID_INK;SEASHELLS;1934.0;1
253400;;;SQUID_INK;SEASHELLS;1930.0;1
253600;;;KELP;SEASHELLS;2038.0;1
253600;;;SQUID_INK;SEASHELLS;1933.0;1
253800;;;RAINFOREST_RESIN;SEASHELLS;10002.0;1
254000;;;KELP;SEASHELLS;2035.0;1
254000;;;SQUID_INK;SEASHELLS;1928.0;1
254200;;;RAINFOREST_RESIN;SEASHELLS;10004.0;1
254200;;;RAINFOREST_RESIN;SEASHELLS;10004.0;10
254400;;;KELP;SEASHELLS;2036.0;5
254800;;;RAINFOREST_RESIN;SEASHELLS;9996.0;2
254900;;;RAINFOREST_RESIN;SEASHELLS;9998.0;2
255100;;;RAINFOREST_RESIN;SEASHELLS;9998.0;1
255500;;;KELP;SEASHELLS;2036.0;1
255500;;;KELP;SEASHELLS;2039.0;1
255500;;;RAINFOREST_RESIN;SEASHELLS;10005.0;1
255500;;;SQUID_INK;SEASHELLS;1925.0;1
255500;;;SQUID_INK;SEASHELLS;1928.0;1
255800;;;KELP;SEASHELLS;2038.0;5
255800;;;KELP;SEASHELLS;2036.0;5
255800;;;RAINFOREST_RESIN;SEASHELLS;9998.0;5
255800;;;SQUID_INK;SEASHELLS;1925.0;5
255800;;;SQUID_INK;SEASHELLS;1924.0;5
255900;;;RAINFOREST_RESIN;SEASHELLS;9998.0;1
256000;;;KELP;SEASHELLS;2038.0;1
256000;;;SQUID_INK;SEASHELLS;1926.0;1
256100;;;KELP;SEASHELLS;2036.0;1
256100;;;KELP;SEASHELLS;2039.0;15
256100;;;RAINFOREST_RESIN;SEASHELLS;9998.0;4
256100;;;SQUID_INK;SEASHELLS;1925.0;1
256100;;;SQUID_INK;SEASHELLS;1928.0;15
256200;;;KELP;SEASHELLS;2038.0;1
256200;;;SQUID_INK;SEASHELLS;1928.0;1
256400;;;KELP;SEASHELLS;2036.0;1
256400;;;SQUID_INK;SEASHELLS;1927.0;1
256500;;;KELP;SEASHELLS;2036.0;1
256500;;;SQUID_INK;SEASHELLS;1929.0;1
257200;;;KELP;SEASHELLS;2036.0;1
257200;;;SQUID_INK;SEASHELLS;1929.0;1
257400;;;RAINFOREST_RESIN;SEASHELLS;9998.0;4
257500;;;RAINFOREST_RESIN;SEASHELLS;10002.0;1
257800;;;RAINFOREST_RESIN;SEASHELLS;9995.0;6
257900;;;KELP;SEASHELLS;2040.0;2
257900;;;RAINFOREST_RESIN;SEASHELLS;9998.0;1
257900;;;SQUID_INK;SEASHELLS;1936.0;2
258000;;;RAINFOREST_RESIN;SEASHELLS;9998.0;5
258200;;;KELP;SEASHELLS;2036.0;14
258200;;;SQUID_INK;SEASHELLS;1933.0;14
258500;;;KELP;SEASHELLS;2039.0;2
258500;;;RAINFOREST_RESIN;SEASHELLS;10002.0;2
258500;;;RAINFOREST_RESIN;SEASHELLS;10002.0;2
258500;;;SQUID_INK;SEASHELLS;1936.0;2
258900;;;KELP;SEASHELLS;2036.0;1
258900;;;RAINFOREST_RESIN;SEASHELLS;10002.0;1
258900;;;SQUID_INK;SEASHELLS;1934.0;1
259000;;;KELP;SEASHELLS;2039.0;2
259000;;;RAINFOREST_RESIN;SEASHELLS;10004.0;2
259000;;;SQUID_INK;SEASHELLS;1936.0;2
259400;;;KELP;SEASHELLS;2036.0;1
259400;;;SQUID_INK;SEASHELLS;1933.0;1
259700;;;KELP;SEASHELLS;2036.0;1
259700;;;SQUID_INK;SEASHELLS;1932.0;1
260300;;;RAINFOREST_RESIN;SEASHELLS;10002.0;1
260500;;;SQUID_INK;SEASHELLS;1931.0;5
260700;;;KELP;SEASHELLS;2036.0;4
260700;;;KELP;SEASHELLS;2036.0;1
260700;;;RAINFOREST_RESIN;SEASHELLS;9998.0;1
260700;;;SQUID_INK;SEASHELLS;1929.0;4
260700;;;SQUID_INK;SEASHELLS;1929.0;1
260800;;;SQUID_INK;SEASHELLS;1931.0;1
261000;;;KELP;SEASHELLS;2036.0;5
261000;;;SQUID_INK;SEASHELLS;1929.0;5
261100;;;KELP;SEASHELLS;2035.0;10
261100;;;SQUID_INK;SEASHELLS;1929.0;10
261200;;;KELP;SEASHELLS;2037.0;1
261200;;;SQUID_INK;SEASHELLS;1931.0;1
261400;;;KELP;SEASHELLS;2035.0;1
261400;;;SQUID_INK;SEASHELLS;1928.0;1
261600;;;RAINFOREST_RESIN;SEASHELLS;9998.0;5
261800;;;KELP;SEASHELLS;2035.0;1
261800;;;RAINFOREST_RESIN;SEASHELLS;9995.0;1
261800;;;SQUID_INK;SEASHELLS;1927.0;1
262100;;;KELP;SEASHELLS;2036.0;1
262100;;;RAINFOREST_RESIN;SEASHELLS;10002.0;1
262100;;;SQUID_INK;SEASHELLS;1927.0;1
262100;;;SQUID_INK;SEASHELLS;1930.0;13
262700;;;KELP;SEASHELLS;2036.0;1
262700;;;SQUID_INK;SEASHELLS;1928.0;1
263200;;;RAINFOREST_RESIN;SEASHELLS;10004.0;2
263300;;;RAINFOREST_RESIN;SEASHELLS;9998.0;2
263300;;;RAINFOREST_RESIN;SEASHELLS;9998.0;1
263900;;;RAINFOREST_RESIN;SEASHELLS;10002.0;4
263900;;;RAINFOREST_RESIN;SEASHELLS;10002.0;1
264100;;;KELP;SEASHELLS;2038.0;2
264100;;;RAINFOREST_RESIN;SEASHELLS;10005.0;2
264100;;;SQUID_INK;SEASHELLS;1929.0;2
264300;;;KELP;SEASHELLS;2035.0;4
264300;;;SQUID_INK;SEASHELLS;1927.0;4
264500;;;KELP;SEASHELLS;2035.0;2
264500;;;RAINFOREST_RESIN;SEASHELLS;9998.0;1
264500;;;SQUID_INK;SEASHELLS;1928.0;2
264700;;;KELP;SEASHELLS;2037.0;3
264700;;;KELP;SEASHELLS;2037.0;10
264700;;;RAINFOREST_RESIN;SEASHELLS;9998.0;4
264700;;;RAINFOREST_RESIN;SEASHELLS;9998.0;1
264700;;;SQUID_INK;SEASHELLS;1928.0;3
264800;;;RAINFOREST_RESIN;SEASHELLS;10004.0;2
265200;;;KELP;SEASHELLS;2037.0;1
265200;;;SQUID_INK;SEASHELLS;1925.0;1
265600;;;RAINFOREST_RESIN;SEASHELLS;9998.0;1
265900;;;RAINFOREST_RESIN;SEASHELLS;9995.0;4
266000;;;RAINFOREST_RESIN;SEASHELLS;9998.0;1
266100;;;KELP;SEASHELLS;2037.0;1
266100;;;SQUID_INK;SEASHELLS;1922.0;1
266700;;;KELP;SEASHELLS;2038.0;2
266700;;;RAINFOREST_RESIN;SEASHELLS;10005.0;2
266700;;;SQUID_INK;SEASHELLS;1924.0;2
267100;;;RAINFOREST_RESIN;SEASHELLS;10002.0;2
267900;;;RAINFOREST_RESIN;SEASHELLS;10004.0;1
267900;;;RAINFOREST_RESIN;SEASHELLS;10004.0;4
268200;;;KELP;SEASHELLS;2036.0;1
268200;;;KELP;SEASHELLS;2039.0;2
268200;;;RAINFOREST_RESIN;SEASHELLS;10005.0;2
268200;;;SQUID_INK;SEASHELLS;1925.0;1
268200;;;SQUID_INK;SEASHELLS;1928.0;2
268300;;;KELP;SEASHELLS;2035.0;1
268300;;;RAINFOREST_RESIN;SEASHELLS;9995.0;1
268300;;;SQUID_INK;SEASHELLS;1924.0;1
268400;;;KELP;SEASHELLS;2038.0;1
268400;;;SQUID_INK;SEASHELLS;1925.0;1
268500;;;KELP;SEASHELLS;2035.0;1
268500;;;SQUID_INK;SEASHELLS;1924.0;1
269200;;;KELP;SEASHELLS;2038.0;1
269200;;;SQUID_INK;SEASHELLS;1925.0;1
269400;;;KELP;SEASHELLS;2036.0;1
269400;;;SQUID_INK;SEASHELLS;1922.0;1
269700;;;KELP;SEASHELLS;2038.0;1
269700;;;SQUID_INK;SEASHELLS;1926.0;1
270100;;;RAINFOREST_RESIN;SEASHELLS;9996.0;2
270100;;;RAINFOREST_RESIN;SEASHELLS;9996.0;4
270100;;;RAINFOREST_RESIN;SEASHELLS;9998.0;1
270300;;;KELP;SEASHELLS;2039.0;6
270300;;;SQUID_INK;SEASHELLS;1925.0;6
270500;;;KELP;SEASHELLS;2037.0;1
270500;;;RAINFOREST_RESIN;SEASHELLS;10002.0;1
270500;;;SQUID_INK;SEASHELLS;1922.0;1
271200;;;KELP;SEASHELLS;2037.0;1
271200;;;SQUID_INK;SEASHELLS;1920.0;1
271400;;;RAINFOREST_RESIN;SEASHELLS;10002.0;1
271500;;;RAINFOREST_RESIN;SEASHELLS;10005.0;6
272200;;;SQUID_INK;SEASHELLS;1922.0;5
272300;;;KELP;SEASHELLS;2034.0;1
272300;;;SQUID_INK;SEASHELLS;1919.0;1
272500;;;KELP;SEASHELLS;2034.0;2
272500;;;RAINFOREST_RESIN;SEASHELLS;9996.0;2
272500;;;SQUID_INK;SEASHELLS;1917.0;2
272900;;;KELP;SEASHELLS;2034.0;1
272900;;;SQUID_INK;SEASHELLS;1916.0;1
273100;;;RAINFOREST_RESIN;SEASHELLS;10002.0;2
273400;;;KELP;SEASHELLS;2034.0;15
273400;;;SQUID_INK;SEASHELLS;1917.0;15
273500;;;RAINFOREST_RESIN;SEASHELLS;10002.0;1
273500;;;RAINFOREST_RESIN;SEASHELLS;9995.0;10
273700;;;RAINFOREST_RESIN;SEASHELLS;10004.0;1
274000;;;RAINFOREST_RESIN;SEASHELLS;9996.0;1
274300;;;KELP;SEASHELLS;2038.0;1
274300;;;RAINFOREST_RESIN;SEASHELLS;10004.0;1
274300;;;SQUID_INK;SEASHELLS;1925.0;1
274700;;;KELP;SEASHELLS;2037.0;5
274700;;;SQUID_INK;SEASHELLS;1926.0;5
274900;;;KELP;SEASHELLS;2035.0;2
274900;;;RAINFOREST_RESIN;SEASHELLS;9996.0;2
274900;;;SQUID_INK;SEASHELLS;1925.0;2
275500;;;RAINFOREST_RESIN;SEASHELLS;9996.0;1
275600;;;RAINFOREST_RESIN;SEASHELLS;9998.0;1
275700;;;RAINFOREST_RESIN;SEASHELLS;9998.0;1
275900;;;KELP;SEASHELLS;2037.0;3
275900;;;SQUID_INK;SEASHELLS;1928.0;3
276300;;;KELP;SEASHELLS;2039.0;1
276300;;;RAINFOREST_RESIN;SEASHELLS;10004.0;1
276300;;;SQUID_INK;SEASHELLS;1929.0;1
276800;;;KELP;SEASHELLS;2036.0;15
276800;;;SQUID_INK;SEASHELLS;1925.0;15
277300;;;KELP;SEASHELLS;2036.0;4
277300;;;SQUID_INK;SEASHELLS;1921.0;4
277600;;;KELP;SEASHELLS;2036.0;1
277600;;;SQUID_INK;SEASHELLS;1923.0;1
277800;;;RAINFOREST_RESIN;SEASHELLS;10002.0;1
278000;;;KELP;SEASHELLS;2037.0;2
278000;;;KELP;SEASHELLS;2037.0;1
278000;;;RAINFOREST_RESIN;SEASHELLS;9996.0;1
278000;;;SQUID_INK;SEASHELLS;1923.0;1
278100;;;KELP;SEASHELLS;2037.0;1
278100;;;SQUID_INK;SEASHELLS;1923.0;1
278500;;;KELP;SEASHELLS;2039.0;1
278500;;;SQUID_INK;SEASHELLS;1925.0;1
278700;;;KELP;SEASHELLS;2039.0;1
278700;;;RAINFOREST_RESIN;SEASHELLS;10002.0;1
278700;;;RAINFOREST_RESIN;SEASHELLS;10002.0;1
278700;;;SQUID_INK;SEASHELLS;1924.0;1
279000;;;KELP;SEASHELLS;2039.0;1
279000;;;SQUID_INK;SEASHELLS;1923.0;1
279300;;;KELP;SEASHELLS;2037.0;1
279300;;;SQUID_INK;SEASHELLS;1922.0;1
279600;;;KELP;SEASHELLS;2037.0;1
279600;;;RAINFOREST_RESIN;SEASHELLS;10002.0;1
279600;;;SQUID_INK;SEASHELLS;1922.0;1
280000;;;RAINFOREST_RESIN;SEASHELLS;9996.0;1
280000;;;RAINFOREST_RESIN;SEASHELLS;9996.0;1
280500;;;KELP;SEASHELLS;2037.0;1
280500;;;KELP;SEASHELLS;2036.0;2
280500;;;RAINFOREST_RESIN;SEASHELLS;9996.0;1
280500;;;SQUID_INK;SEASHELLS;1920.0;1
280500;;;SQUID_INK;SEASHELLS;1920.0;2
280700;;;KELP;SEASHELLS;2039.0;1
280700;;;SQUID_INK;SEASHELLS;1922.0;1
280800;;;RAINFOREST_RESIN;SEASHELLS;10002.0;1
280800;;;RAINFOREST_RESIN;SEASHELLS;10002.0;1
281200;;;RAINFOREST_RESIN;SEASHELLS;9998.0;4
281200;;;RAINFOREST_RESIN;SEASHELLS;9998.0;3
281300;;;SQUID_INK;SEASHELLS;1921.0;1
281400;;;KELP;SEASHELLS;2037.0;2
281400;;;SQUID_INK;SEASHELLS;1921.0;2
281700;;;KELP;SEASHELLS;2039.0;1
281700;;;RAINFOREST_RESIN;SEASHELLS;10004.0;1
281700;;;SQUID_INK;SEASHELLS;1924.0;1
282100;;;KELP;SEASHELLS;2036.0;1
282100;;;SQUID_INK;SEASHELLS;1922.0;1
282800;;;RAINFOREST_RESIN;SEASHELLS;9998.0;1
282900;;;KELP;SEASHELLS;2038.0;1
283400;;;KELP;SEASHELLS;2036.0;1
283500;;;KELP;SEASHELLS;2036.0;4
283500;;;KELP;SEASHELLS;2036.0;1
283500;;;SQUID_INK;SEASHELLS;1922.0;5
283600;;;KELP;SEASHELLS;2036.0;1
283600;;;KELP;SEASHELLS;2039.0;2
283600;;;RAINFOREST_RESIN;SEASHELLS;10004.0;2
283600;;;SQUID_INK;SEASHELLS;1919.0;1
283600;;;SQUID_INK;SEASHELLS;1922.0;2
283700;;;KELP;SEASHELLS;2038.0;1
283700;;;SQUID_INK;SEASHELLS;1922.0;1
283800;;;SQUID_INK;SEASHELLS;1920.0;5
283900;;;KELP;SEASHELLS;2036.0;1
283900;;;SQUID_INK;SEASHELLS;1921.0;1
284200;;;KELP;SEASHELLS;2039.0;10
284200;;;SQUID_INK;SEASHELLS;1924.0;10
284700;;;KELP;SEASHELLS;2036.0;2
284700;;;RAINFOREST_RESIN;SEASHELLS;9996.0;2
284700;;;SQUID_INK;SEASHELLS;1921.0;2
284800;;;KELP;SEASHELLS;2036.0;1
284800;;;SQUID_INK;SEASHELLS;1920.0;1
285000;;;RAINFOREST_RESIN;SEASHELLS;9996.0;1
285500;;;KELP;SEASHELLS;2036.0;1
285500;;;KELP;SEASHELLS;2037.0;1
285500;;;SQUID_INK;SEASHELLS;1921.0;1
285500;;;SQUID_INK;SEASHELLS;1922.0;1
285700;;;KELP;SEASHELLS;2036.0;1
285700;;;SQUID_INK;SEASHELLS;1921.0;1
286000;;;SQUID_INK;SEASHELLS;1924.0;2
286400;;;KELP;SEASHELLS;2039.0;1
286400;;;RAINFOREST_RESIN;SEASHELLS;10004.0;1
286400;;;SQUID_INK;SEASHELLS;1927.0;1
286500;;;KELP;SEASHELLS;2038.0;1
286500;;;SQUID_INK;SEASHELLS;1926.0;1
286600;;;KELP;SEASHELLS;2039.0;1
286600;;;RAINFOREST_RESIN;SEASHELLS;10004.0;1
286600;;;SQUID_INK;SEASHELLS;1927.0;1
286800;;;RAINFOREST_RESIN;SEASHELLS;9998.0;1
287000;;;SQUID_INK;SEASHELLS;1927.0;1
287200;;;RAINFOREST_RESIN;SEASHELLS;10002.0;1
287300;;;KELP;SEASHELLS;2036.0;1
287300;;;SQUID_INK;SEASHELLS;1924.0;1
287900;;;KELP;SEASHELLS;2036.0;2
287900;;;SQUID_INK;SEASHELLS;1923.0;4
288900;;;KELP;SEASHELLS;2039.0;5
288900;;;SQUID_INK;SEASHELLS;1922.0;5
289300;;;KELP;SEASHELLS;2037.0;6
289300;;;KELP;SEASHELLS;2037.0;2
289300;;;SQUID_INK;SEASHELLS;1921.0;6
289300;;;SQUID_INK;SEASHELLS;1921.0;2
289600;;;KELP;SEASHELLS;2035.0;12
289600;;;SQUID_INK;SEASHELLS;1920.0;12
289900;;;KELP;SEASHELLS;2035.0;2
289900;;;RAINFOREST_RESIN;SEASHELLS;10005.0;2
289900;;;RAINFOREST_RESIN;SEASHELLS;9995.0;2
289900;;;SQUID_INK;SEASHELLS;1921.0;2
290200;;;KELP;SEASHELLS;2037.0;1
290200;;;SQUID_INK;SEASHELLS;1923.0;1
290400;;;KELP;SEASHELLS;2038.0;1
290400;;;RAINFOREST_RESIN;SEASHELLS;10004.0;2
290400;;;RAINFOREST_RESIN;SEASHELLS;10005.0;1
290400;;;RAINFOREST_RESIN;SEASHELLS;10004.0;6
290400;;;SQUID_INK;SEASHELLS;1924.0;1
290800;;;KELP;SEASHELLS;2035.0;4
290800;;;RAINFOREST_RESIN;SEASHELLS;9998.0;1
290800;;;SQUID_INK;SEASHELLS;1923.0;4
290900;;;KELP;SEASHELLS;2035.0;1
290900;;;RAINFOREST_RESIN;SEASHELLS;9996.0;1
290900;;;SQUID_INK;SEASHELLS;1922.0;1
291200;;;RAINFOREST_RESIN;SEASHELLS;9998.0;1
291400;;;KELP;SEASHELLS;2035.0;1
291400;;;SQUID_INK;SEASHELLS;1922.0;1
291500;;;RAINFOREST_RESIN;SEASHELLS;9995.0;7
291600;;;RAINFOREST_RESIN;SEASHELLS;10004.0;2
291900;;;KELP;SEASHELLS;2035.0;2
291900;;;SQUID_INK;SEASHELLS;1924.0;2
291900;;;SQUID_INK;SEASHELLS;1924.0;1
292200;;;KELP;SEASHELLS;2037.0;15
292200;;;SQUID_INK;SEASHELLS;1928.0;15
292400;;;KELP;SEASHELLS;2037.0;13
292400;;;SQUID_INK;SEASHELLS;1929.0;13
292500;;;RAINFOREST_RESIN;SEASHELLS;9998.0;1
292600;;;KELP;SEASHELLS;2037.0;1
292600;;;RAINFOREST_RESIN;SEASHELLS;10004.0;1
292600;;;SQUID_INK;SEASHELLS;1929.0;1
292800;;;KELP;SEASHELLS;2036.0;1
292800;;;RAINFOREST_RESIN;SEASHELLS;10002.0;1
292800;;;SQUID_INK;SEASHELLS;1928.0;1
292900;;;RAINFOREST_RESIN;SEASHELLS;10004.0;2
293500;;;KELP;SEASHELLS;2033.0;5
293500;;;KELP;SEASHELLS;2034.0;1
293500;;;KELP;SEASHELLS;2034.0;3
293500;;;RAINFOREST_RESIN;SEASHELLS;10000.0;1
293500;;;SQUID_INK;SEASHELLS;1927.0;5
293500;;;SQUID_INK;SEASHELLS;1928.0;1
293500;;;SQUID_INK;SEASHELLS;1928.0;3
293800;;;KELP;SEASHELLS;2033.0;1
293800;;;SQUID_INK;SEASHELLS;1929.0;1
293900;;;KELP;SEASHELLS;2035.0;1
293900;;;RAINFOREST_RESIN;SEASHELLS;9998.0;1
293900;;;SQUID_INK;SEASHELLS;1930.0;1
294200;;;KELP;SEASHELLS;2033.0;3
294200;;;KELP;SEASHELLS;2033.0;2
294200;;;SQUID_INK;SEASHELLS;1930.0;3
294200;;;SQUID_INK;SEASHELLS;1930.0;2
294300;;;KELP;SEASHELLS;2032.0;2
294300;;;RAINFOREST_RESIN;SEASHELLS;9996.0;1
294300;;;SQUID_INK;SEASHELLS;1932.0;2
294400;;;RAINFOREST_RESIN;SEASHELLS;10005.0;3
294500;;;RAINFOREST_RESIN;SEASHELLS;9998.0;1
294600;;;KELP;SEASHELLS;2036.0;15
294600;;;SQUID_INK;SEASHELLS;1934.0;15
295000;;;KELP;SEASHELLS;2033.0;10
295000;;;SQUID_INK;SEASHELLS;1934.0;10
295600;;;KELP;SEASHELLS;2034.0;1
295600;;;SQUID_INK;SEASHELLS;1935.0;1
296400;;;RAINFOREST_RESIN;SEASHELLS;9998.0;5
296800;;;RAINFOREST_RESIN;SEASHELLS;10002.0;5
297100;;;KELP;SEASHELLS;2034.0;14
297100;;;KELP;SEASHELLS;2037.0;1
297100;;;RAINFOREST_RESIN;SEASHELLS;10004.0;1
297100;;;SQUID_INK;SEASHELLS;1931.0;14
297100;;;SQUID_INK;SEASHELLS;1934.0;1
297600;;;KELP;SEASHELLS;2033.0;2
297600;;;RAINFOREST_RESIN;SEASHELLS;10002.0;2
297600;;;SQUID_INK;SEASHELLS;1932.0;2
298400;;;RAINFOREST_RESIN;SEASHELLS;9998.0;1
298700;;;KELP;SEASHELLS;2033.0;15
298700;;;SQUID_INK;SEASHELLS;1929.0;15
298900;;;KELP;SEASHELLS;2033.0;1
298900;;;RAINFOREST_RESIN;SEASHELLS;9995.0;1
298900;;;SQUID_INK;SEASHELLS;1928.0;1
299200;;;RAINFOREST_RESIN;SEASHELLS;9996.0;2
299200;;;RAINFOREST_RESIN;SEASHELLS;9996.0;10
299400;;;KELP;SEASHELLS;2033.0;1
299400;;;KELP;SEASHELLS;2033.0;2
299400;;;RAINFOREST_RESIN;SEASHELLS;9996.0;1
299400;;;SQUID_INK;SEASHELLS;1926.0;1
299400;;;SQUID_INK;SEASHELLS;1926.0;2
299500;;;KELP;SEASHELLS;2034.0;5
299500;;;SQUID_INK;SEASHELLS;1927.0;5
299600;;;KELP;SEASHELLS;2033.0;1
299600;;;SQUID_INK;SEASHELLS;1924.0;1
299700;;;KELP;SEASHELLS;2033.0;2
299700;;;SQUID_INK;SEASHELLS;1925.0;2
299800;;;KELP;SEASHELLS;2036.0;1
299800;;;RAINFOREST_RESIN;SEASHELLS;9998.0;1
299800;;;RAINFOREST_RESIN;SEASHELLS;10004.0;1
299800;;;SQUID_INK;SEASHELLS;1928.0;1
299900;;;KELP;SEASHELLS;2033.0;1
299900;;;RAINFOREST_RESIN;SEASHELLS;9996.0;1
299900;;;SQUID_INK;SEASHELLS;1925.0;1
300300;;;KELP;SEASHELLS;2035.0;1
300300;;;SQUID_INK;SEASHELLS;1927.0;1
300400;;;KELP;SEASHELLS;2033.0;1
300400;;;KELP;SEASHELLS;2033.0;2
300400;;;RAINFOREST_RESIN;SEASHELLS;9995.0;2
300400;;;SQUID_INK;SEASHELLS;1926.0;1
300400;;;SQUID_INK;SEASHELLS;1926.0;2
300700;;;KELP;SEASHELLS;2035.0;1
300700;;;SQUID_INK;SEASHELLS;1929.0;1
300800;;;KELP;SEASHELLS;2033.0;1
300800;;;SQUID_INK;SEASHELLS;1929.0;1
301200;;;KELP;SEASHELLS;2035.0;1
301200;;;KELP;SEASHELLS;2035.0;7
301200;;;KELP;SEASHELLS;2035.0;1
301200;;;KELP;SEASHELLS;2035.0;1
301200;;;RAINFOREST_RESIN;SEASHELLS;10004.0;1
301200;;;RAINFOREST_RESIN;SEASHELLS;10004.0;1
301200;;;SQUID_INK;SEASHELLS;1931.0;1
301200;;;SQUID_INK;SEASHELLS;1931.0;7
301200;;;SQUID_INK;SEASHELLS;1931.0;1
301800;;;KELP;SEASHELLS;2033.0;14
301800;;;SQUID_INK;SEASHELLS;1932.0;14
301900;;;RAINFOREST_RESIN;SEASHELLS;10002.0;1
302100;;;RAINFOREST_RESIN;SEASHELLS;9998.0;1
302400;;;KELP;SEASHELLS;2033.0;1
302400;;;SQUID_INK;SEASHELLS;1933.0;1
302600;;;RAINFOREST_RESIN;SEASHELLS;9998.0;1
302700;;;RAINFOREST_RESIN;SEASHELLS;9998.0;1
303000;;;RAINFOREST_RESIN;SEASHELLS;9998.0;5
303100;;;KELP;SEASHELLS;2034.0;1
303100;;;RAINFOREST_RESIN;SEASHELLS;9998.0;1
303100;;;SQUID_INK;SEASHELLS;1935.0;1
303500;;;KELP;SEASHELLS;2036.0;5
303900;;;RAINFOREST_RESIN;SEASHELLS;9998.0;1
304400;;;KELP;SEASHELLS;2036.0;1
304400;;;SQUID_INK;SEASHELLS;1935.0;1
304600;;;KELP;SEASHELLS;2036.0;1
304600;;;KELP;SEASHELLS;2035.0;1
304600;;;SQUID_INK;SEASHELLS;1935.0;1
