timestamp;buyer;seller;symbol;currency;price;quantity
0;;;KELP;SEASHELLS;2002.0;1
0;;;RAINFOREST_RESIN;SEASHELLS;9996.0;1
0;;;RAINFOREST_RESIN;SEASHELLS;9996.0;1
0;;;SQUID_INK;SEASHELLS;2002.0;1
100;;;KELP;SEASHELLS;2002.0;6
100;;;SQUID_INK;SEASHELLS;2001.0;6
1000;;;KELP;SEASHELLS;1999.0;10
1000;;;SQUID_INK;SEASHELLS;1999.0;10
1100;;;KELP;SEASHELLS;1999.0;1
1100;;;SQUID_INK;SEASHELLS;1999.0;1
1500;;;KELP;SEASHELLS;2002.0;1
1500;;;RAINFOREST_RESIN;SEASHELLS;10004.0;1
1500;;;SQUID_INK;SEASHELLS;2000.0;1
1800;;;KELP;SEASHELLS;2001.0;1
1800;;;KELP;SEASHELLS;2001.0;1
1800;;;SQUID_INK;SEASHELLS;2000.0;1
1800;;;SQUID_INK;SEASHELLS;1999.0;1
2000;;;KELP;SEASHELLS;2001.0;1
2000;;;SQUID_INK;SEASHELLS;2001.0;1
2100;;;SQUID_INK;SEASHELLS;2001.0;4
2500;;;KELP;SEASHELLS;1999.0;11
2500;;;RAINFOREST_RESIN;SEASHELLS;9998.0;1
2500;;;SQUID_INK;SEASHELLS;1999.0;11
3200;;;KELP;SEASHELLS;1998.0;1
3200;;;RAINFOREST_RESIN;SEASHELLS;9996.0;1
3200;;;SQUID_INK;SEASHELLS;1999.0;1
3300;;;KELP;SEASHELLS;1999.0;2
3300;;;RAINFOREST_RESIN;SEASHELLS;9995.0;2
3300;;;SQUID_INK;SEASHELLS;1999.0;2
3600;;;RAINFOREST_RESIN;SEASHELLS;10005.0;6
3900;;;KELP;SEASHELLS;2001.0;1
3900;;;SQUID_INK;SEASHELLS;2002.0;1
4000;;;RAINFOREST_RESIN;SEASHELLS;9998.0;1
4200;;;KELP;SEASHELLS;1999.0;1
4200;;;RAINFOREST_RESIN;SEASHELLS;10004.0;2
4200;;;RAINFOREST_RESIN;SEASHELLS;10004.0;1
4200;;;SQUID_INK;SEASHELLS;1999.0;1
4400;;;KELP;SEASHELLS;2001.0;2
4400;;;SQUID_INK;SEASHELLS;2000.0;2
4500;;;KELP;SEASHELLS;1999.0;9
4500;;;SQUID_INK;SEASHELLS;1998.0;9
5000;;;KELP;SEASHELLS;1999.0;3
5800;;;KELP;SEASHELLS;1999.0;7
5800;;;SQUID_INK;SEASHELLS;1996.0;7
6500;;;KELP;SEASHELLS;1999.0;5
6500;;;SQUID_INK;SEASHELLS;2000.0;5
6600;;;KELP;SEASHELLS;1999.0;1
6600;;;SQUID_INK;SEASHELLS;1999.0;1
6700;;;KELP;SEASHELLS;1999.0;4
6700;;;KELP;SEASHELLS;1999.0;2
6700;;;RAINFOREST_RESIN;SEASHELLS;9998.0;2
6700;;;SQUID_INK;SEASHELLS;2001.0;4
6700;;;SQUID_INK;SEASHELLS;2001.0;2
7100;;;KELP;SEASHELLS;1999.0;5
7100;;;SQUID_INK;SEASHELLS;2000.0;5
7200;;;KELP;SEASHELLS;2002.0;4
7200;;;SQUID_INK;SEASHELLS;2003.0;4
7300;;;KELP;SEASHELLS;1999.0;1
7300;;;SQUID_INK;SEASHELLS;2000.0;1
7400;;;KELP;SEASHELLS;2002.0;1
7400;;;KELP;SEASHELLS;2001.0;1
7400;;;RAINFOREST_RESIN;SEASHELLS;10002.0;1
7400;;;SQUID_INK;SEASHELLS;2005.0;1
7400;;;SQUID_INK;SEASHELLS;2003.0;1
7500;;;RAINFOREST_RESIN;SEASHELLS;10002.0;1
7800;;;KELP;SEASHELLS;2000.0;1
7800;;;SQUID_INK;SEASHELLS;2004.0;1
8600;;;KELP;SEASHELLS;2001.0;1
8600;;;RAINFOREST_RESIN;SEASHELLS;10002.0;1
8600;;;SQUID_INK;SEASHELLS;2006.0;1
8700;;;KELP;SEASHELLS;2002.0;2
8700;;;RAINFOREST_RESIN;SEASHELLS;10002.0;2
8700;;;SQUID_INK;SEASHELLS;2006.0;2
8800;;;KELP;SEASHELLS;2000.0;1
8800;;;RAINFOREST_RESIN;SEASHELLS;10002.0;1
8800;;;SQUID_INK;SEASHELLS;2004.0;1
9600;;;RAINFOREST_RESIN;SEASHELLS;10000.0;3
10100;;;RAINFOREST_RESIN;SEASHELLS;9998.0;1
10200;;;KELP;SEASHELLS;1998.0;1
10200;;;RAINFOREST_RESIN;SEASHELLS;9996.0;1
10200;;;SQUID_INK;SEASHELLS;2003.0;1
11100;;;KELP;SEASHELLS;2001.0;12
11100;;;KELP;SEASHELLS;2001.0;2
11100;;;RAINFOREST_RESIN;SEASHELLS;10005.0;2
11100;;;SQUID_INK;SEASHELLS;2007.0;12
11100;;;SQUID_INK;SEASHELLS;2007.0;2
11300;;;KELP;SEASHELLS;1998.0;1
11300;;;SQUID_INK;SEASHELLS;2003.0;1
11400;;;KELP;SEASHELLS;1998.0;1
11400;;;SQUID_INK;SEASHELLS;2002.0;1
12000;;;KELP;SEASHELLS;1998.0;2
12000;;;KELP;SEASHELLS;1998.0;2
12000;;;SQUID_INK;SEASHELLS;2003.0;2
12000;;;SQUID_INK;SEASHELLS;2003.0;2
13000;;;KELP;SEASHELLS;2000.0;2
13000;;;RAINFOREST_RESIN;SEASHELLS;9998.0;1
13000;;;SQUID_INK;SEASHELLS;2002.0;2
13500;;;KELP;SEASHELLS;1998.0;1
13500;;;SQUID_INK;SEASHELLS;1997.0;1
13600;;;RAINFOREST_RESIN;SEASHELLS;9998.0;1
13900;;;KELP;SEASHELLS;1998.0;2
13900;;;RAINFOREST_RESIN;SEASHELLS;9996.0;1
13900;;;RAINFOREST_RESIN;SEASHELLS;9996.0;1
13900;;;SQUID_INK;SEASHELLS;1996.0;2
14000;;;RAINFOREST_RESIN;SEASHELLS;10005.0;7
14300;;;KELP;SEASHELLS;1998.0;1
14300;;;SQUID_INK;SEASHELLS;1994.0;1
15000;;;KELP;SEASHELLS;1998.0;1
15000;;;SQUID_INK;SEASHELLS;1998.0;1
15100;;;RAINFOREST_RESIN;SEASHELLS;10005.0;4
15400;;;RAINFOREST_RESIN;SEASHELLS;10002.0;5
16400;;;KELP;SEASHELLS;1999.0;6
16400;;;SQUID_INK;SEASHELLS;1995.0;6
17000;;;KELP;SEASHELLS;2002.0;9
17000;;;SQUID_INK;SEASHELLS;1997.0;9
17200;;;KELP;SEASHELLS;1998.0;1
17200;;;KELP;SEASHELLS;1998.0;9
17200;;;SQUID_INK;SEASHELLS;1994.0;1
17200;;;SQUID_INK;SEASHELLS;1994.0;9
17300;;;RAINFOREST_RESIN;SEASHELLS;10002.0;1
17400;;;KELP;SEASHELLS;2001.0;10
17400;;;SQUID_INK;SEASHELLS;1999.0;10
18000;;;KELP;SEASHELLS;2001.0;4
18000;;;SQUID_INK;SEASHELLS;1997.0;4
18100;;;KELP;SEASHELLS;1998.0;1
18100;;;SQUID_INK;SEASHELLS;1994.0;1
18200;;;KELP;SEASHELLS;1998.0;8
18200;;;RAINFOREST_RESIN;SEASHELLS;9998.0;1
18200;;;SQUID_INK;SEASHELLS;1994.0;8
18300;;;KELP;SEASHELLS;2000.0;2
18300;;;RAINFOREST_RESIN;SEASHELLS;9998.0;1
18300;;;RAINFOREST_RESIN;SEASHELLS;10005.0;2
18300;;;SQUID_INK;SEASHELLS;1995.0;2
18500;;;RAINFOREST_RESIN;SEASHELLS;10005.0;5
18600;;;KELP;SEASHELLS;1998.0;1
18600;;;SQUID_INK;SEASHELLS;1993.0;1
19200;;;SQUID_INK;SEASHELLS;1993.0;1
19400;;;KELP;SEASHELLS;1999.0;1
19400;;;SQUID_INK;SEASHELLS;1994.0;1
19500;;;RAINFOREST_RESIN;SEASHELLS;10002.0;1
19600;;;RAINFOREST_RESIN;SEASHELLS;10002.0;1
19900;;;RAINFOREST_RESIN;SEASHELLS;10002.0;1
20200;;;RAINFOREST_RESIN;SEASHELLS;10002.0;1
20300;;;KELP;SEASHELLS;2001.0;1
20300;;;SQUID_INK;SEASHELLS;1996.0;1
20600;;;RAINFOREST_RESIN;SEASHELLS;9995.0;9
20600;;;RAINFOREST_RESIN;SEASHELLS;9998.0;1
20900;;;KELP;SEASHELLS;2002.0;1
20900;;;RAINFOREST_RESIN;SEASHELLS;9998.0;1
20900;;;SQUID_INK;SEASHELLS;1997.0;1
21300;;;KELP;SEASHELLS;2002.0;1
21300;;;RAINFOREST_RESIN;SEASHELLS;10002.0;1
21300;;;SQUID_INK;SEASHELLS;1995.0;1
21400;;;KELP;SEASHELLS;2000.0;1
21400;;;SQUID_INK;SEASHELLS;1993.0;1
21800;;;KELP;SEASHELLS;2000.0;1
21800;;;SQUID_INK;SEASHELLS;1993.0;1
22300;;;KELP;SEASHELLS;1998.0;1
22300;;;SQUID_INK;SEASHELLS;1992.0;1
22600;;;SQUID_INK;SEASHELLS;1994.0;2
22700;;;RAINFOREST_RESIN;SEASHELLS;9998.0;1
22900;;;KELP;SEASHELLS;1999.0;2
22900;;;SQUID_INK;SEASHELLS;1995.0;2
23000;;;RAINFOREST_RESIN;SEASHELLS;9998.0;4
23100;;;KELP;SEASHELLS;2000.0;1
23100;;;SQUID_INK;SEASHELLS;1996.0;1
23300;;;RAINFOREST_RESIN;SEASHELLS;9998.0;2
23900;;;RAINFOREST_RESIN;SEASHELLS;9995.0;8
23900;;;RAINFOREST_RESIN;SEASHELLS;9998.0;3
24000;;;KELP;SEASHELLS;2000.0;3
24000;;;SQUID_INK;SEASHELLS;1994.0;3
24200;;;KELP;SEASHELLS;1998.0;5
24200;;;SQUID_INK;SEASHELLS;1992.0;5
24300;;;RAINFOREST_RESIN;SEASHELLS;10002.0;1
24500;;;KELP;SEASHELLS;2000.0;1
24500;;;SQUID_INK;SEASHELLS;1994.0;1
24600;;;RAINFOREST_RESIN;SEASHELLS;9996.0;2
24600;;;RAINFOREST_RESIN;SEASHELLS;9996.0;2
24700;;;KELP;SEASHELLS;2000.0;6
24700;;;SQUID_INK;SEASHELLS;1992.0;6
25100;;;KELP;SEASHELLS;2000.0;1
25100;;;RAINFOREST_RESIN;SEASHELLS;10002.0;1
25100;;;SQUID_INK;SEASHELLS;1992.0;1
25400;;;KELP;SEASHELLS;1998.0;7
25400;;;SQUID_INK;SEASHELLS;1993.0;7
25600;;;KELP;SEASHELLS;2000.0;2
25600;;;RAINFOREST_RESIN;SEASHELLS;10004.0;2
25600;;;SQUID_INK;SEASHELLS;1993.0;2
25700;;;RAINFOREST_RESIN;SEASHELLS;10002.0;8
25700;;;RAINFOREST_RESIN;SEASHELLS;10002.0;3
26300;;;KELP;SEASHELLS;1998.0;1
26300;;;SQUID_INK;SEASHELLS;1992.0;1
26400;;;KELP;SEASHELLS;1998.0;1
26400;;;RAINFOREST_RESIN;SEASHELLS;10005.0;9
26400;;;SQUID_INK;SEASHELLS;1991.0;1
26700;;;KELP;SEASHELLS;2000.0;1
26700;;;SQUID_INK;SEASHELLS;1996.0;1
27000;;;KELP;SEASHELLS;1999.0;4
27000;;;RAINFOREST_RESIN;SEASHELLS;10002.0;1
27000;;;SQUID_INK;SEASHELLS;1992.0;4
27200;;;KELP;SEASHELLS;1998.0;1
27200;;;SQUID_INK;SEASHELLS;1991.0;1
27300;;;KELP;SEASHELLS;2001.0;11
27300;;;SQUID_INK;SEASHELLS;1995.0;11
27700;;;RAINFOREST_RESIN;SEASHELLS;9998.0;3
27700;;;RAINFOREST_RESIN;SEASHELLS;9998.0;1
27900;;;RAINFOREST_RESIN;SEASHELLS;10002.0;4
28000;;;KELP;SEASHELLS;2001.0;1
28000;;;RAINFOREST_RESIN;SEASHELLS;10005.0;1
28000;;;SQUID_INK;SEASHELLS;1996.0;1
28300;;;KELP;SEASHELLS;1999.0;1
28300;;;RAINFOREST_RESIN;SEASHELLS;9998.0;1
28300;;;RAINFOREST_RESIN;SEASHELLS;9998.0;2
28300;;;SQUID_INK;SEASHELLS;1994.0;1
28600;;;RAINFOREST_RESIN;SEASHELLS;9998.0;1
29400;;;KELP;SEASHELLS;2000.0;2
29400;;;RAINFOREST_RESIN;SEASHELLS;10005.0;2
29400;;;SQUID_INK;SEASHELLS;1995.0;2
29500;;;RAINFOREST_RESIN;SEASHELLS;9998.0;3
29500;;;RAINFOREST_RESIN;SEASHELLS;9998.0;2
29900;;;KELP;SEASHELLS;1999.0;1
29900;;;SQUID_INK;SEASHELLS;1992.0;1
30300;;;KELP;SEASHELLS;1999.0;1
30300;;;SQUID_INK;SEASHELLS;1988.0;1
30400;;;KELP;SEASHELLS;1997.0;1
30400;;;RAINFOREST_RESIN;SEASHELLS;10004.0;1
30400;;;RAINFOREST_RESIN;SEASHELLS;10004.0;6
30400;;;SQUID_INK;SEASHELLS;1986.0;1
30900;;;KELP;SEASHELLS;1998.0;1
30900;;;SQUID_INK;SEASHELLS;1984.0;1
31000;;;KELP;SEASHELLS;1998.0;1
31000;;;RAINFOREST_RESIN;SEASHELLS;9996.0;1
31000;;;SQUID_INK;SEASHELLS;1985.0;1
31200;;;KELP;SEASHELLS;1998.0;5
31200;;;KELP;SEASHELLS;1998.0;1
31200;;;SQUID_INK;SEASHELLS;1983.0;5
31200;;;SQUID_INK;SEASHELLS;1983.0;1
31300;;;KELP;SEASHELLS;2000.0;1
31300;;;RAINFOREST_RESIN;SEASHELLS;9998.0;1
31300;;;SQUID_INK;SEASHELLS;1984.0;1
31400;;;KELP;SEASHELLS;2001.0;4
31400;;;SQUID_INK;SEASHELLS;1986.0;2
31400;;;SQUID_INK;SEASHELLS;1986.0;2
31600;;;RAINFOREST_RESIN;SEASHELLS;10002.0;3
31800;;;RAINFOREST_RESIN;SEASHELLS;10002.0;1
32000;;;KELP;SEASHELLS;1997.0;1
32000;;;SQUID_INK;SEASHELLS;1986.0;1
32100;;;KELP;SEASHELLS;1997.0;1
32100;;;RAINFOREST_RESIN;SEASHELLS;10002.0;4
32100;;;SQUID_INK;SEASHELLS;1986.0;1
32500;;;RAINFOREST_RESIN;SEASHELLS;10002.0;1
32800;;;KELP;SEASHELLS;1997.0;9
32800;;;KELP;SEASHELLS;1997.0;2
32800;;;RAINFOREST_RESIN;SEASHELLS;9996.0;2
32800;;;RAINFOREST_RESIN;SEASHELLS;9995.0;2
32800;;;SQUID_INK;SEASHELLS;1989.0;9
32800;;;SQUID_INK;SEASHELLS;1989.0;2
33200;;;KELP;SEASHELLS;1997.0;1
33200;;;SQUID_INK;SEASHELLS;1991.0;1
33300;;;KELP;SEASHELLS;1999.0;1
33300;;;KELP;SEASHELLS;1997.0;8
33300;;;SQUID_INK;SEASHELLS;1993.0;1
33300;;;SQUID_INK;SEASHELLS;1991.0;2
33300;;;SQUID_INK;SEASHELLS;1991.0;6
33500;;;RAINFOREST_RESIN;SEASHELLS;10002.0;3
33900;;;KELP;SEASHELLS;1999.0;1
33900;;;SQUID_INK;SEASHELLS;1995.0;1
34000;;;KELP;SEASHELLS;1999.0;1
34000;;;RAINFOREST_RESIN;SEASHELLS;9998.0;1
34000;;;SQUID_INK;SEASHELLS;1995.0;1
34100;;;RAINFOREST_RESIN;SEASHELLS;10002.0;1
34900;;;KELP;SEASHELLS;1997.0;1
34900;;;SQUID_INK;SEASHELLS;1991.0;1
35000;;;KELP;SEASHELLS;1998.0;4
35000;;;SQUID_INK;SEASHELLS;1991.0;4
35300;;;KELP;SEASHELLS;1997.0;1
35300;;;SQUID_INK;SEASHELLS;1992.0;1
35600;;;RAINFOREST_RESIN;SEASHELLS;10002.0;1
35700;;;KELP;SEASHELLS;1998.0;1
35700;;;SQUID_INK;SEASHELLS;1990.0;1
35800;;;KELP;SEASHELLS;1998.0;1
35800;;;SQUID_INK;SEASHELLS;1991.0;1
36200;;;KELP;SEASHELLS;1998.0;2
36200;;;KELP;SEASHELLS;1998.0;1
36200;;;SQUID_INK;SEASHELLS;1990.0;3
36300;;;KELP;SEASHELLS;2001.0;1
36300;;;RAINFOREST_RESIN;SEASHELLS;10005.0;1
36300;;;SQUID_INK;SEASHELLS;1992.0;1
36500;;;RAINFOREST_RESIN;SEASHELLS;10005.0;4
36800;;;KELP;SEASHELLS;1998.0;1
36800;;;SQUID_INK;SEASHELLS;1990.0;1
37200;;;KELP;SEASHELLS;2001.0;10
37200;;;SQUID_INK;SEASHELLS;1993.0;10
37300;;;KELP;SEASHELLS;1997.0;1
37300;;;SQUID_INK;SEASHELLS;1990.0;1
37400;;;RAINFOREST_RESIN;SEASHELLS;10002.0;1
37900;;;RAINFOREST_RESIN;SEASHELLS;9995.0;4
38000;;;KELP;SEASHELLS;1997.0;11
38000;;;SQUID_INK;SEASHELLS;1991.0;11
38400;;;RAINFOREST_RESIN;SEASHELLS;10004.0;2
38500;;;KELP;SEASHELLS;1999.0;1
38500;;;RAINFOREST_RESIN;SEASHELLS;10002.0;6
38500;;;SQUID_INK;SEASHELLS;1993.0;1
38800;;;KELP;SEASHELLS;1997.0;5
38800;;;SQUID_INK;SEASHELLS;1991.0;5
38900;;;KELP;SEASHELLS;1997.0;1
38900;;;KELP;SEASHELLS;1997.0;2
38900;;;RAINFOREST_RESIN;SEASHELLS;9995.0;2
38900;;;SQUID_INK;SEASHELLS;1990.0;1
38900;;;SQUID_INK;SEASHELLS;1990.0;2
39100;;;RAINFOREST_RESIN;SEASHELLS;10002.0;5
39300;;;KELP;SEASHELLS;1997.0;1
39300;;;RAINFOREST_RESIN;SEASHELLS;9996.0;1
39300;;;SQUID_INK;SEASHELLS;1988.0;1
39400;;;KELP;SEASHELLS;1997.0;1
39400;;;SQUID_INK;SEASHELLS;1989.0;1
39500;;;KELP;SEASHELLS;1999.0;1
39500;;;SQUID_INK;SEASHELLS;1991.0;1
39800;;;KELP;SEASHELLS;1998.0;4
39800;;;SQUID_INK;SEASHELLS;1989.0;4
40100;;;KELP;SEASHELLS;1997.0;9
40100;;;SQUID_INK;SEASHELLS;1988.0;9
40200;;;KELP;SEASHELLS;1999.0;5
40200;;;SQUID_INK;SEASHELLS;1990.0;5
40300;;;KELP;SEASHELLS;1997.0;2
40300;;;SQUID_INK;SEASHELLS;1989.0;2
40600;;;KELP;SEASHELLS;1997.0;1
40600;;;SQUID_INK;SEASHELLS;1988.0;1
40700;;;SQUID_INK;SEASHELLS;1990.0;3
40900;;;KELP;SEASHELLS;1998.0;3
40900;;;SQUID_INK;SEASHELLS;1989.0;3
41100;;;KELP;SEASHELLS;1997.0;1
41100;;;KELP;SEASHELLS;1999.0;9
41100;;;SQUID_INK;SEASHELLS;1989.0;1
41100;;;SQUID_INK;SEASHELLS;1991.0;9
41500;;;RAINFOREST_RESIN;SEASHELLS;10002.0;1
41500;;;RAINFOREST_RESIN;SEASHELLS;10000.0;2
41600;;;KELP;SEASHELLS;1996.0;1
41600;;;RAINFOREST_RESIN;SEASHELLS;9995.0;1
41600;;;SQUID_INK;SEASHELLS;1986.0;1
42300;;;KELP;SEASHELLS;1998.0;4
42300;;;KELP;SEASHELLS;2000.0;11
42900;;;KELP;SEASHELLS;1999.0;1
42900;;;RAINFOREST_RESIN;SEASHELLS;10002.0;1
42900;;;SQUID_INK;SEASHELLS;1988.0;1
43100;;;KELP;SEASHELLS;1997.0;14
43100;;;KELP;SEASHELLS;1999.0;2
43100;;;RAINFOREST_RESIN;SEASHELLS;10005.0;2
43100;;;SQUID_INK;SEASHELLS;1984.0;14
43100;;;SQUID_INK;SEASHELLS;1986.0;2
43400;;;RAINFOREST_RESIN;SEASHELLS;10002.0;1
43500;;;KELP;SEASHELLS;1998.0;1
43500;;;SQUID_INK;SEASHELLS;1985.0;1
43700;;;RAINFOREST_RESIN;SEASHELLS;9998.0;1
43900;;;KELP;SEASHELLS;1998.0;1
43900;;;KELP;SEASHELLS;2001.0;2
43900;;;RAINFOREST_RESIN;SEASHELLS;10004.0;2
43900;;;SQUID_INK;SEASHELLS;1988.0;1
43900;;;SQUID_INK;SEASHELLS;1992.0;2
44000;;;RAINFOREST_RESIN;SEASHELLS;9998.0;1
44700;;;KELP;SEASHELLS;2000.0;1
44700;;;SQUID_INK;SEASHELLS;1992.0;1
44800;;;RAINFOREST_RESIN;SEASHELLS;9996.0;1
45000;;;KELP;SEASHELLS;1998.0;1
45000;;;SQUID_INK;SEASHELLS;1989.0;1
45100;;;KELP;SEASHELLS;1998.0;1
45100;;;RAINFOREST_RESIN;SEASHELLS;9996.0;1
45100;;;SQUID_INK;SEASHELLS;1988.0;1
45800;;;RAINFOREST_RESIN;SEASHELLS;9996.0;1
45800;;;RAINFOREST_RESIN;SEASHELLS;9996.0;10
46200;;;RAINFOREST_RESIN;SEASHELLS;9998.0;1
46200;;;SQUID_INK;SEASHELLS;1991.0;3
46300;;;KELP;SEASHELLS;1999.0;1
46300;;;RAINFOREST_RESIN;SEASHELLS;9995.0;1
46300;;;SQUID_INK;SEASHELLS;1990.0;1
46800;;;KELP;SEASHELLS;1998.0;1
46800;;;KELP;SEASHELLS;1998.0;2
46800;;;RAINFOREST_RESIN;SEASHELLS;9996.0;1
46800;;;SQUID_INK;SEASHELLS;1991.0;1
46800;;;SQUID_INK;SEASHELLS;1991.0;2
47200;;;KELP;SEASHELLS;2000.0;1
47200;;;SQUID_INK;SEASHELLS;1993.0;1
47300;;;KELP;SEASHELLS;1998.0;8
47300;;;SQUID_INK;SEASHELLS;1989.0;8
47400;;;KELP;SEASHELLS;1998.0;1
47400;;;SQUID_INK;SEASHELLS;1990.0;1
47700;;;KELP;SEASHELLS;1998.0;1
47700;;;SQUID_INK;SEASHELLS;1989.0;1
48300;;;KELP;SEASHELLS;1998.0;1
48300;;;RAINFOREST_RESIN;SEASHELLS;9995.0;1
48300;;;SQUID_INK;SEASHELLS;1988.0;1
48600;;;KELP;SEASHELLS;1998.0;1
48600;;;KELP;SEASHELLS;2000.0;1
48600;;;RAINFOREST_RESIN;SEASHELLS;10004.0;1
48600;;;SQUID_INK;SEASHELLS;1991.0;1
48600;;;SQUID_INK;SEASHELLS;1993.0;1
48700;;;KELP;SEASHELLS;1998.0;1
48700;;;SQUID_INK;SEASHELLS;1990.0;1
48900;;;KELP;SEASHELLS;1998.0;1
48900;;;SQUID_INK;SEASHELLS;1991.0;1
49300;;;KELP;SEASHELLS;2001.0;1
49300;;;RAINFOREST_RESIN;SEASHELLS;10005.0;1
49300;;;SQUID_INK;SEASHELLS;1993.0;1
49400;;;KELP;SEASHELLS;1998.0;1
49400;;;SQUID_INK;SEASHELLS;1990.0;1
49700;;;KELP;SEASHELLS;1998.0;2
49700;;;RAINFOREST_RESIN;SEASHELLS;9995.0;2
49700;;;SQUID_INK;SEASHELLS;1991.0;2
49900;;;KELP;SEASHELLS;1998.0;1
49900;;;SQUID_INK;SEASHELLS;1991.0;1
50000;;;KELP;SEASHELLS;1999.0;5
50000;;;SQUID_INK;SEASHELLS;1991.0;5
50200;;;KELP;SEASHELLS;1998.0;1
50200;;;RAINFOREST_RESIN;SEASHELLS;9996.0;1
50200;;;SQUID_INK;SEASHELLS;1991.0;1
50300;;;KELP;SEASHELLS;1998.0;1
50300;;;SQUID_INK;SEASHELLS;1991.0;1
50400;;;KELP;SEASHELLS;1999.0;2
50400;;;RAINFOREST_RESIN;SEASHELLS;9996.0;2
50400;;;SQUID_INK;SEASHELLS;1990.0;2
50900;;;KELP;SEASHELLS;1999.0;3
50900;;;RAINFOREST_RESIN;SEASHELLS;9996.0;2
50900;;;SQUID_INK;SEASHELLS;1983.0;3
51000;;;KELP;SEASHELLS;1999.0;1
51000;;;RAINFOREST_RESIN;SEASHELLS;9998.0;1
51000;;;SQUID_INK;SEASHELLS;1983.0;1
51300;;;KELP;SEASHELLS;2001.0;1
51300;;;SQUID_INK;SEASHELLS;1986.0;1
51600;;;KELP;SEASHELLS;2001.0;1
51600;;;RAINFOREST_RESIN;SEASHELLS;10002.0;1
51600;;;SQUID_INK;SEASHELLS;1985.0;1
51900;;;RAINFOREST_RESIN;SEASHELLS;10002.0;2
52000;;;RAINFOREST_RESIN;SEASHELLS;9998.0;2
52200;;;KELP;SEASHELLS;1999.0;1
52200;;;SQUID_INK;SEASHELLS;1987.0;1
52300;;;KELP;SEASHELLS;1999.0;1
52300;;;SQUID_INK;SEASHELLS;1988.0;1
52700;;;RAINFOREST_RESIN;SEASHELLS;10002.0;3
53000;;;RAINFOREST_RESIN;SEASHELLS;9998.0;1
53200;;;RAINFOREST_RESIN;SEASHELLS;10002.0;1
53300;;;RAINFOREST_RESIN;SEASHELLS;9998.0;2
53600;;;KELP;SEASHELLS;2000.0;1
53600;;;RAINFOREST_RESIN;SEASHELLS;9998.0;1
53600;;;SQUID_INK;SEASHELLS;1986.0;1
53700;;;KELP;SEASHELLS;2003.0;2
53700;;;RAINFOREST_RESIN;SEASHELLS;10004.0;2
53700;;;SQUID_INK;SEASHELLS;1988.0;2
53900;;;RAINFOREST_RESIN;SEASHELLS;10002.0;1
54300;;;KELP;SEASHELLS;2001.0;2
54300;;;KELP;SEASHELLS;2001.0;9
54300;;;RAINFOREST_RESIN;SEASHELLS;9998.0;1
54300;;;SQUID_INK;SEASHELLS;1986.0;11
54600;;;KELP;SEASHELLS;2000.0;1
54600;;;RAINFOREST_RESIN;SEASHELLS;9996.0;1
54600;;;RAINFOREST_RESIN;SEASHELLS;9996.0;5
54600;;;SQUID_INK;SEASHELLS;1987.0;1
54700;;;KELP;SEASHELLS;2002.0;1
54700;;;SQUID_INK;SEASHELLS;1990.0;1
54900;;;RAINFOREST_RESIN;SEASHELLS;10002.0;3
55200;;;KELP;SEASHELLS;2003.0;1
55200;;;SQUID_INK;SEASHELLS;1991.0;1
55600;;;KELP;SEASHELLS;2001.0;1
55600;;;SQUID_INK;SEASHELLS;1991.0;1
56100;;;KELP;SEASHELLS;2004.0;14
56100;;;KELP;SEASHELLS;2004.0;1
56100;;;RAINFOREST_RESIN;SEASHELLS;10004.0;1
56100;;;SQUID_INK;SEASHELLS;1994.0;14
56100;;;SQUID_INK;SEASHELLS;1994.0;1
56300;;;KELP;SEASHELLS;2001.0;1
56300;;;SQUID_INK;SEASHELLS;1991.0;1
56500;;;KELP;SEASHELLS;2001.0;1
56500;;;RAINFOREST_RESIN;SEASHELLS;9998.0;1
56500;;;SQUID_INK;SEASHELLS;1991.0;1
56700;;;RAINFOREST_RESIN;SEASHELLS;10002.0;1
57000;;;KELP;SEASHELLS;2004.0;1
57000;;;RAINFOREST_RESIN;SEASHELLS;10004.0;1
57000;;;SQUID_INK;SEASHELLS;1993.0;1
57100;;;KELP;SEASHELLS;2001.0;3
57100;;;RAINFOREST_RESIN;SEASHELLS;10002.0;1
57100;;;SQUID_INK;SEASHELLS;1990.0;3
57200;;;KELP;SEASHELLS;2001.0;4
57200;;;RAINFOREST_RESIN;SEASHELLS;10002.0;1
57200;;;SQUID_INK;SEASHELLS;1991.0;4
57300;;;RAINFOREST_RESIN;SEASHELLS;10002.0;1
57400;;;KELP;SEASHELLS;2003.0;1
57400;;;SQUID_INK;SEASHELLS;1993.0;1
57700;;;KELP;SEASHELLS;2001.0;2
57700;;;RAINFOREST_RESIN;SEASHELLS;10002.0;2
57700;;;SQUID_INK;SEASHELLS;1992.0;2
57800;;;KELP;SEASHELLS;2001.0;1
57800;;;SQUID_INK;SEASHELLS;1991.0;1
58300;;;KELP;SEASHELLS;2004.0;1
58300;;;SQUID_INK;SEASHELLS;1993.0;1
58400;;;RAINFOREST_RESIN;SEASHELLS;9996.0;1
58600;;;RAINFOREST_RESIN;SEASHELLS;9998.0;1
58800;;;KELP;SEASHELLS;2002.0;1
58800;;;KELP;SEASHELLS;2002.0;5
58800;;;SQUID_INK;SEASHELLS;1993.0;1
58800;;;SQUID_INK;SEASHELLS;1993.0;5
59000;;;KELP;SEASHELLS;2005.0;10
59000;;;SQUID_INK;SEASHELLS;1996.0;10
59500;;;RAINFOREST_RESIN;SEASHELLS;10005.0;4
59700;;;RAINFOREST_RESIN;SEASHELLS;10002.0;6
59800;;;SQUID_INK;SEASHELLS;1991.0;5
59900;;;KELP;SEASHELLS;2003.0;1
60000;;;SQUID_INK;SEASHELLS;1992.0;1
60200;;;KELP;SEASHELLS;2002.0;2
60200;;;RAINFOREST_RESIN;SEASHELLS;9996.0;1
60200;;;RAINFOREST_RESIN;SEASHELLS;9996.0;1
60200;;;SQUID_INK;SEASHELLS;1986.0;2
60300;;;RAINFOREST_RESIN;SEASHELLS;9996.0;2
60300;;;RAINFOREST_RESIN;SEASHELLS;9996.0;6
60400;;;RAINFOREST_RESIN;SEASHELLS;9998.0;1
60500;;;KELP;SEASHELLS;2002.0;3
60500;;;RAINFOREST_RESIN;SEASHELLS;9998.0;1
60500;;;SQUID_INK;SEASHELLS;1988.0;3
60600;;;KELP;SEASHELLS;2002.0;1
60600;;;SQUID_INK;SEASHELLS;1988.0;1
61100;;;KELP;SEASHELLS;2005.0;2
61100;;;RAINFOREST_RESIN;SEASHELLS;10005.0;2
61100;;;RAINFOREST_RESIN;SEASHELLS;10002.0;1
61100;;;SQUID_INK;SEASHELLS;1991.0;2
61300;;;KELP;SEASHELLS;2004.0;1
61300;;;SQUID_INK;SEASHELLS;1989.0;1
62300;;;KELP;SEASHELLS;2004.0;1
62300;;;RAINFOREST_RESIN;SEASHELLS;10004.0;1
62300;;;SQUID_INK;SEASHELLS;2000.0;1
62600;;;KELP;SEASHELLS;2003.0;1
62600;;;SQUID_INK;SEASHELLS;2002.0;1
62900;;;KELP;SEASHELLS;2005.0;6
62900;;;KELP;SEASHELLS;2005.0;1
62900;;;SQUID_INK;SEASHELLS;2005.0;6
62900;;;SQUID_INK;SEASHELLS;2005.0;1
63000;;;KELP;SEASHELLS;2003.0;10
63000;;;KELP;SEASHELLS;2004.0;6
63000;;;SQUID_INK;SEASHELLS;2002.0;1
63000;;;SQUID_INK;SEASHELLS;2002.0;9
63200;;;KELP;SEASHELLS;2004.0;1
63200;;;RAINFOREST_RESIN;SEASHELLS;9998.0;1
63200;;;SQUID_INK;SEASHELLS;2001.0;1
63300;;;KELP;SEASHELLS;2007.0;2
63300;;;RAINFOREST_RESIN;SEASHELLS;9998.0;1
63300;;;SQUID_INK;SEASHELLS;2005.0;2
63500;;;RAINFOREST_RESIN;SEASHELLS;9998.0;6
63700;;;RAINFOREST_RESIN;SEASHELLS;9996.0;1
63800;;;KELP;SEASHELLS;2003.0;9
63800;;;SQUID_INK;SEASHELLS;2003.0;9
64200;;;KELP;SEASHELLS;2003.0;2
64200;;;RAINFOREST_RESIN;SEASHELLS;9995.0;2
64200;;;SQUID_INK;SEASHELLS;2000.0;2
64500;;;KELP;SEASHELLS;2006.0;2
64500;;;RAINFOREST_RESIN;SEASHELLS;10002.0;1
64500;;;RAINFOREST_RESIN;SEASHELLS;10005.0;2
64500;;;SQUID_INK;SEASHELLS;2004.0;2
64600;;;KELP;SEASHELLS;2005.0;1
64600;;;SQUID_INK;SEASHELLS;2003.0;1
64900;;;RAINFOREST_RESIN;SEASHELLS;10005.0;2
65300;;;RAINFOREST_RESIN;SEASHELLS;9998.0;1
65300;;;RAINFOREST_RESIN;SEASHELLS;10000.0;2
65400;;;KELP;SEASHELLS;2003.0;1
65400;;;SQUID_INK;SEASHELLS;2001.0;1
65500;;;RAINFOREST_RESIN;SEASHELLS;9998.0;1
65600;;;KELP;SEASHELLS;2004.0;1
65600;;;RAINFOREST_RESIN;SEASHELLS;9995.0;1
65600;;;SQUID_INK;SEASHELLS;2003.0;1
65800;;;KELP;SEASHELLS;2004.0;1
65800;;;RAINFOREST_RESIN;SEASHELLS;9996.0;1
65800;;;SQUID_INK;SEASHELLS;2003.0;1
65900;;;RAINFOREST_RESIN;SEASHELLS;9998.0;1
66000;;;RAINFOREST_RESIN;SEASHELLS;9998.0;1
66200;;;KELP;SEASHELLS;2004.0;8
66200;;;SQUID_INK;SEASHELLS;2003.0;8
66700;;;RAINFOREST_RESIN;SEASHELLS;9998.0;2
67000;;;KELP;SEASHELLS;2003.0;1
67000;;;SQUID_INK;SEASHELLS;2004.0;1
67200;;;KELP;SEASHELLS;2005.0;1
67200;;;SQUID_INK;SEASHELLS;2007.0;1
67400;;;KELP;SEASHELLS;2003.0;2
67400;;;RAINFOREST_RESIN;SEASHELLS;9996.0;1
67400;;;SQUID_INK;SEASHELLS;2005.0;2
67700;;;KELP;SEASHELLS;2005.0;4
67900;;;KELP;SEASHELLS;2003.0;2
67900;;;RAINFOREST_RESIN;SEASHELLS;9998.0;2
67900;;;SQUID_INK;SEASHELLS;2005.0;2
68000;;;KELP;SEASHELLS;2003.0;1
68000;;;RAINFOREST_RESIN;SEASHELLS;10005.0;3
68000;;;RAINFOREST_RESIN;SEASHELLS;10002.0;5
68000;;;SQUID_INK;SEASHELLS;2004.0;1
68100;;;RAINFOREST_RESIN;SEASHELLS;10002.0;1
68200;;;KELP;SEASHELLS;2005.0;1
68200;;;SQUID_INK;SEASHELLS;2005.0;1
68300;;;KELP;SEASHELLS;2003.0;1
68300;;;SQUID_INK;SEASHELLS;2003.0;1
68500;;;RAINFOREST_RESIN;SEASHELLS;10002.0;1
68600;;;KELP;SEASHELLS;2003.0;1
68600;;;KELP;SEASHELLS;2003.0;4
68600;;;SQUID_INK;SEASHELLS;2003.0;1
68600;;;SQUID_INK;SEASHELLS;2003.0;4
68900;;;KELP;SEASHELLS;2005.0;1
68900;;;RAINFOREST_RESIN;SEASHELLS;10002.0;1
68900;;;SQUID_INK;SEASHELLS;2005.0;1
69000;;;KELP;SEASHELLS;2002.0;9
69000;;;SQUID_INK;SEASHELLS;2002.0;9
69300;;;KELP;SEASHELLS;2006.0;2
69300;;;RAINFOREST_RESIN;SEASHELLS;10005.0;2
69300;;;SQUID_INK;SEASHELLS;2007.0;2
69400;;;KELP;SEASHELLS;2005.0;1
69400;;;SQUID_INK;SEASHELLS;2006.0;1
69600;;;KELP;SEASHELLS;2002.0;1
69600;;;KELP;SEASHELLS;2002.0;8
69600;;;SQUID_INK;SEASHELLS;2005.0;1
69600;;;SQUID_INK;SEASHELLS;2005.0;1
69600;;;SQUID_INK;SEASHELLS;2005.0;7
70400;;;KELP;SEASHELLS;2002.0;1
70400;;;KELP;SEASHELLS;2003.0;8
70400;;;SQUID_INK;SEASHELLS;2003.0;1
70400;;;SQUID_INK;SEASHELLS;2003.0;8
71400;;;KELP;SEASHELLS;2002.0;1
71400;;;SQUID_INK;SEASHELLS;2006.0;1
71600;;;RAINFOREST_RESIN;SEASHELLS;9995.0;10
71900;;;KELP;SEASHELLS;2003.0;2
72100;;;KELP;SEASHELLS;2005.0;9
72600;;;KELP;SEASHELLS;2005.0;1
72600;;;SQUID_INK;SEASHELLS;2006.0;1
73900;;;KELP;SEASHELLS;2002.0;1
73900;;;SQUID_INK;SEASHELLS;2003.0;1
74100;;;RAINFOREST_RESIN;SEASHELLS;10002.0;1
74400;;;KELP;SEASHELLS;2005.0;1
74400;;;RAINFOREST_RESIN;SEASHELLS;10004.0;1
74400;;;SQUID_INK;SEASHELLS;2005.0;2
74900;;;RAINFOREST_RESIN;SEASHELLS;10002.0;1
75000;;;KELP;SEASHELLS;2002.0;9
75000;;;KELP;SEASHELLS;2002.0;10
75000;;;SQUID_INK;SEASHELLS;2001.0;9
75000;;;SQUID_INK;SEASHELLS;2001.0;10
75200;;;KELP;SEASHELLS;2002.0;1
75200;;;RAINFOREST_RESIN;SEASHELLS;9996.0;1
75200;;;SQUID_INK;SEASHELLS;2002.0;1
75500;;;KELP;SEASHELLS;2002.0;1
75500;;;SQUID_INK;SEASHELLS;1999.0;1
76400;;;KELP;SEASHELLS;2002.0;1
76400;;;KELP;SEASHELLS;2003.0;3
76400;;;RAINFOREST_RESIN;SEASHELLS;10002.0;1
76400;;;SQUID_INK;SEASHELLS;1998.0;1
76400;;;SQUID_INK;SEASHELLS;1999.0;3
77400;;;KELP;SEASHELLS;2003.0;6
77400;;;SQUID_INK;SEASHELLS;2000.0;6
77700;;;RAINFOREST_RESIN;SEASHELLS;9998.0;5
77800;;;KELP;SEASHELLS;2003.0;1
77800;;;KELP;SEASHELLS;2003.0;4
77800;;;SQUID_INK;SEASHELLS;1999.0;1
77800;;;SQUID_INK;SEASHELLS;1999.0;4
78000;;;RAINFOREST_RESIN;SEASHELLS;10002.0;2
78300;;;KELP;SEASHELLS;2003.0;2
78300;;;RAINFOREST_RESIN;SEASHELLS;9995.0;2
78300;;;SQUID_INK;SEASHELLS;1997.0;2
78600;;;KELP;SEASHELLS;2002.0;1
78600;;;SQUID_INK;SEASHELLS;1999.0;1
78800;;;KELP;SEASHELLS;2002.0;1
78800;;;SQUID_INK;SEASHELLS;1999.0;1
79000;;;KELP;SEASHELLS;2005.0;2
79000;;;RAINFOREST_RESIN;SEASHELLS;10004.0;1
79000;;;RAINFOREST_RESIN;SEASHELLS;10005.0;2
79000;;;SQUID_INK;SEASHELLS;2003.0;2
79500;;;RAINFOREST_RESIN;SEASHELLS;10002.0;1
79800;;;KELP;SEASHELLS;2002.0;4
79800;;;SQUID_INK;SEASHELLS;2001.0;4
80100;;;SQUID_INK;SEASHELLS;1995.0;1
80300;;;RAINFOREST_RESIN;SEASHELLS;10002.0;1
80500;;;KELP;SEASHELLS;2002.0;1
80500;;;SQUID_INK;SEASHELLS;1993.0;1
80800;;;RAINFOREST_RESIN;SEASHELLS;10002.0;1
80900;;;KELP;SEASHELLS;2002.0;1
80900;;;SQUID_INK;SEASHELLS;1994.0;1
81300;;;KELP;SEASHELLS;2005.0;1
81300;;;RAINFOREST_RESIN;SEASHELLS;9998.0;1
81300;;;SQUID_INK;SEASHELLS;1996.0;1
81700;;;RAINFOREST_RESIN;SEASHELLS;10002.0;1
81800;;;KELP;SEASHELLS;2003.0;1
81800;;;RAINFOREST_RESIN;SEASHELLS;9998.0;1
81800;;;SQUID_INK;SEASHELLS;1993.0;1
81900;;;KELP;SEASHELLS;2004.0;4
81900;;;SQUID_INK;SEASHELLS;1995.0;4
82100;;;KELP;SEASHELLS;2003.0;1
82100;;;SQUID_INK;SEASHELLS;1993.0;1
82300;;;RAINFOREST_RESIN;SEASHELLS;10004.0;1
82400;;;KELP;SEASHELLS;2003.0;4
82400;;;SQUID_INK;SEASHELLS;1993.0;4
82600;;;KELP;SEASHELLS;2003.0;1
82600;;;SQUID_INK;SEASHELLS;1993.0;1
83200;;;KELP;SEASHELLS;2003.0;2
83200;;;RAINFOREST_RESIN;SEASHELLS;9996.0;1
83200;;;RAINFOREST_RESIN;SEASHELLS;9996.0;1
83200;;;SQUID_INK;SEASHELLS;1993.0;2
83300;;;KELP;SEASHELLS;2003.0;15
83300;;;SQUID_INK;SEASHELLS;1992.0;15
83400;;;KELP;SEASHELLS;2005.0;3
83400;;;SQUID_INK;SEASHELLS;1994.0;3
83700;;;RAINFOREST_RESIN;SEASHELLS;10004.0;1
84000;;;KELP;SEASHELLS;2005.0;4
84000;;;SQUID_INK;SEASHELLS;1998.0;4
84200;;;KELP;SEASHELLS;2005.0;1
84200;;;SQUID_INK;SEASHELLS;1999.0;1
84600;;;KELP;SEASHELLS;2005.0;2
84600;;;RAINFOREST_RESIN;SEASHELLS;10004.0;2
84600;;;SQUID_INK;SEASHELLS;2000.0;2
84700;;;KELP;SEASHELLS;2004.0;1
84700;;;SQUID_INK;SEASHELLS;2000.0;1
84800;;;KELP;SEASHELLS;2005.0;5
84800;;;SQUID_INK;SEASHELLS;2000.0;1
85000;;;RAINFOREST_RESIN;SEASHELLS;9998.0;5
85700;;;KELP;SEASHELLS;2002.0;2
85700;;;RAINFOREST_RESIN;SEASHELLS;10005.0;4
85700;;;RAINFOREST_RESIN;SEASHELLS;9995.0;2
85700;;;SQUID_INK;SEASHELLS;1996.0;2
85900;;;KELP;SEASHELLS;2002.0;1
85900;;;RAINFOREST_RESIN;SEASHELLS;9998.0;2
85900;;;SQUID_INK;SEASHELLS;1997.0;1
86000;;;KELP;SEASHELLS;2002.0;1
86000;;;KELP;SEASHELLS;2005.0;1
86000;;;RAINFOREST_RESIN;SEASHELLS;10002.0;1
86000;;;SQUID_INK;SEASHELLS;1999.0;1
86300;;;KELP;SEASHELLS;2002.0;1
86300;;;RAINFOREST_RESIN;SEASHELLS;9998.0;1
86300;;;SQUID_INK;SEASHELLS;1998.0;1
86500;;;RAINFOREST_RESIN;SEASHELLS;10002.0;1
87200;;;KELP;SEASHELLS;2002.0;1
87200;;;SQUID_INK;SEASHELLS;1999.0;1
87900;;;RAINFOREST_RESIN;SEASHELLS;10002.0;4
88300;;;RAINFOREST_RESIN;SEASHELLS;10004.0;2
88500;;;KELP;SEASHELLS;2002.0;10
88500;;;RAINFOREST_RESIN;SEASHELLS;10002.0;5
88500;;;SQUID_INK;SEASHELLS;1996.0;10
88600;;;KELP;SEASHELLS;2003.0;4
88600;;;RAINFOREST_RESIN;SEASHELLS;9998.0;1
88600;;;SQUID_INK;SEASHELLS;1997.0;4
88800;;;KELP;SEASHELLS;2003.0;5
88800;;;KELP;SEASHELLS;2003.0;4
88800;;;SQUID_INK;SEASHELLS;1994.0;5
88800;;;SQUID_INK;SEASHELLS;1995.0;4
88900;;;KELP;SEASHELLS;2005.0;1
89100;;;KELP;SEASHELLS;2003.0;1
89100;;;KELP;SEASHELLS;2003.0;2
89100;;;SQUID_INK;SEASHELLS;1994.0;1
89100;;;SQUID_INK;SEASHELLS;1994.0;2
89400;;;KELP;SEASHELLS;2004.0;4
89400;;;SQUID_INK;SEASHELLS;1995.0;1
90000;;;KELP;SEASHELLS;2002.0;1
90000;;;SQUID_INK;SEASHELLS;1992.0;1
90100;;;KELP;SEASHELLS;2005.0;1
90100;;;RAINFOREST_RESIN;SEASHELLS;10004.0;1
90100;;;SQUID_INK;SEASHELLS;1995.0;1
90200;;;KELP;SEASHELLS;2002.0;4
90200;;;SQUID_INK;SEASHELLS;1992.0;4
90400;;;SQUID_INK;SEASHELLS;1994.0;5
90700;;;RAINFOREST_RESIN;SEASHELLS;10002.0;6
90800;;;KELP;SEASHELLS;2003.0;3
90800;;;SQUID_INK;SEASHELLS;1995.0;3
91000;;;KELP;SEASHELLS;2002.0;1
91000;;;RAINFOREST_RESIN;SEASHELLS;9998.0;1
91000;;;SQUID_INK;SEASHELLS;1993.0;1
91400;;;RAINFOREST_RESIN;SEASHELLS;10002.0;1
91500;;;KELP;SEASHELLS;2005.0;1
91500;;;KELP;SEASHELLS;2005.0;4
91500;;;SQUID_INK;SEASHELLS;1991.0;1
91500;;;SQUID_INK;SEASHELLS;1991.0;4
91900;;;KELP;SEASHELLS;2003.0;1
91900;;;RAINFOREST_RESIN;SEASHELLS;10002.0;1
91900;;;SQUID_INK;SEASHELLS;1990.0;1
92300;;;KELP;SEASHELLS;2003.0;1
92300;;;KELP;SEASHELLS;2003.0;1
92300;;;RAINFOREST_RESIN;SEASHELLS;9996.0;1
92300;;;SQUID_INK;SEASHELLS;1990.0;1
92300;;;SQUID_INK;SEASHELLS;1990.0;1
92400;;;KELP;SEASHELLS;2005.0;2
92500;;;KELP;SEASHELLS;2003.0;1
92500;;;SQUID_INK;SEASHELLS;1989.0;1
92600;;;KELP;SEASHELLS;2003.0;1
92600;;;SQUID_INK;SEASHELLS;1988.0;1
93000;;;RAINFOREST_RESIN;SEASHELLS;10002.0;1
93100;;;KELP;SEASHELLS;2005.0;2
93100;;;KELP;SEASHELLS;2005.0;2
93100;;;RAINFOREST_RESIN;SEASHELLS;9998.0;1
93300;;;KELP;SEASHELLS;2003.0;1
93300;;;RAINFOREST_RESIN;SEASHELLS;9998.0;1
93300;;;SQUID_INK;SEASHELLS;1995.0;1
93500;;;RAINFOREST_RESIN;SEASHELLS;9998.0;1
93700;;;RAINFOREST_RESIN;SEASHELLS;10002.0;1
93900;;;RAINFOREST_RESIN;SEASHELLS;9998.0;1
94300;;;KELP;SEASHELLS;2002.0;1
94400;;;KELP;SEASHELLS;2002.0;1
94400;;;SQUID_INK;SEASHELLS;1997.0;1
94500;;;KELP;SEASHELLS;2002.0;1
94500;;;SQUID_INK;SEASHELLS;1997.0;1
94700;;;RAINFOREST_RESIN;SEASHELLS;9996.0;2
94700;;;RAINFOREST_RESIN;SEASHELLS;9996.0;9
94800;;;RAINFOREST_RESIN;SEASHELLS;10002.0;4
95100;;;KELP;SEASHELLS;2002.0;2
95100;;;RAINFOREST_RESIN;SEASHELLS;9996.0;2
95100;;;SQUID_INK;SEASHELLS;1997.0;2
95300;;;KELP;SEASHELLS;2002.0;1
95300;;;RAINFOREST_RESIN;SEASHELLS;10002.0;1
95300;;;SQUID_INK;SEASHELLS;1996.0;1
95600;;;KELP;SEASHELLS;2004.0;1
95600;;;SQUID_INK;SEASHELLS;1999.0;1
95800;;;KELP;SEASHELLS;2002.0;1
95800;;;SQUID_INK;SEASHELLS;1994.0;1
95900;;;KELP;SEASHELLS;2004.0;1
95900;;;RAINFOREST_RESIN;SEASHELLS;10002.0;5
95900;;;RAINFOREST_RESIN;SEASHELLS;10002.0;3
95900;;;SQUID_INK;SEASHELLS;1996.0;1
96100;;;KELP;SEASHELLS;2002.0;1
96100;;;RAINFOREST_RESIN;SEASHELLS;9995.0;1
96100;;;SQUID_INK;SEASHELLS;1995.0;1
96200;;;KELP;SEASHELLS;2002.0;1
96200;;;SQUID_INK;SEASHELLS;1996.0;1
96400;;;KELP;SEASHELLS;2002.0;9
96400;;;RAINFOREST_RESIN;SEASHELLS;10002.0;3
96400;;;SQUID_INK;SEASHELLS;1997.0;1
96400;;;SQUID_INK;SEASHELLS;1997.0;8
96500;;;KELP;SEASHELLS;2005.0;6
96500;;;SQUID_INK;SEASHELLS;2000.0;6
96800;;;SQUID_INK;SEASHELLS;1999.0;1
96900;;;RAINFOREST_RESIN;SEASHELLS;10005.0;3
97000;;;KELP;SEASHELLS;2001.0;2
97000;;;SQUID_INK;SEASHELLS;1996.0;2
97200;;;RAINFOREST_RESIN;SEASHELLS;10005.0;12
97300;;;KELP;SEASHELLS;2004.0;1
97300;;;RAINFOREST_RESIN;SEASHELLS;10004.0;1
97300;;;SQUID_INK;SEASHELLS;1999.0;1
97400;;;RAINFOREST_RESIN;SEASHELLS;9998.0;1
97600;;;RAINFOREST_RESIN;SEASHELLS;9998.0;1
97900;;;RAINFOREST_RESIN;SEASHELLS;10002.0;4
98100;;;KELP;SEASHELLS;2003.0;1
98100;;;RAINFOREST_RESIN;SEASHELLS;10002.0;1
98200;;;KELP;SEASHELLS;2001.0;1
98200;;;SQUID_INK;SEASHELLS;1996.0;1
98300;;;KELP;SEASHELLS;2001.0;4
98300;;;RAINFOREST_RESIN;SEASHELLS;9998.0;1
98300;;;SQUID_INK;SEASHELLS;1996.0;4
98400;;;KELP;SEASHELLS;2001.0;1
98400;;;SQUID_INK;SEASHELLS;1996.0;1
98500;;;KELP;SEASHELLS;2003.0;3
98500;;;SQUID_INK;SEASHELLS;1998.0;3
98700;;;KELP;SEASHELLS;2004.0;6
98700;;;SQUID_INK;SEASHELLS;1999.0;6
98800;;;KELP;SEASHELLS;2004.0;5
98800;;;KELP;SEASHELLS;2001.0;1
98800;;;RAINFOREST_RESIN;SEASHELLS;9996.0;1
98800;;;SQUID_INK;SEASHELLS;2001.0;5
98800;;;SQUID_INK;SEASHELLS;1998.0;1
99000;;;RAINFOREST_RESIN;SEASHELLS;9998.0;1
99300;;;KELP;SEASHELLS;2002.0;2
99400;;;KELP;SEASHELLS;2004.0;8
99400;;;SQUID_INK;SEASHELLS;2001.0;8
100000;;;KELP;SEASHELLS;2001.0;14
100000;;;SQUID_INK;SEASHELLS;1996.0;14
100100;;;KELP;SEASHELLS;2001.0;1
100100;;;RAINFOREST_RESIN;SEASHELLS;9998.0;1
100100;;;SQUID_INK;SEASHELLS;1995.0;1
100500;;;RAINFOREST_RESIN;SEASHELLS;9998.0;1
101400;;;KELP;SEASHELLS;2001.0;8
101400;;;SQUID_INK;SEASHELLS;1996.0;8
102200;;;KELP;SEASHELLS;2005.0;2
102200;;;RAINFOREST_RESIN;SEASHELLS;10004.0;2
102200;;;SQUID_INK;SEASHELLS;2001.0;2
102300;;;RAINFOREST_RESIN;SEASHELLS;10002.0;3
102300;;;RAINFOREST_RESIN;SEASHELLS;10002.0;1
102400;;;KELP;SEASHELLS;2002.0;1
102400;;;SQUID_INK;SEASHELLS;1999.0;1
102500;;;KELP;SEASHELLS;2004.0;1
102500;;;RAINFOREST_RESIN;SEASHELLS;10002.0;1
102500;;;SQUID_INK;SEASHELLS;2001.0;1
102900;;;RAINFOREST_RESIN;SEASHELLS;9998.0;1
103100;;;KELP;SEASHELLS;2001.0;2
103100;;;RAINFOREST_RESIN;SEASHELLS;9995.0;2
103100;;;SQUID_INK;SEASHELLS;1999.0;2
103300;;;SQUID_INK;SEASHELLS;2003.0;2
103600;;;KELP;SEASHELLS;2003.0;1
103600;;;SQUID_INK;SEASHELLS;2003.0;1
104000;;;RAINFOREST_RESIN;SEASHELLS;9998.0;1
104100;;;KELP;SEASHELLS;2001.0;7
104100;;;SQUID_INK;SEASHELLS;2000.0;7
104200;;;RAINFOREST_RESIN;SEASHELLS;9998.0;1
104200;;;RAINFOREST_RESIN;SEASHELLS;9998.0;2
104300;;;RAINFOREST_RESIN;SEASHELLS;9998.0;2
104400;;;KELP;SEASHELLS;2003.0;2
104400;;;KELP;SEASHELLS;2003.0;3
104400;;;RAINFOREST_RESIN;SEASHELLS;9995.0;2
104400;;;RAINFOREST_RESIN;SEASHELLS;9998.0;1
104400;;;SQUID_INK;SEASHELLS;2002.0;2
104700;;;KELP;SEASHELLS;2001.0;1
104700;;;RAINFOREST_RESIN;SEASHELLS;10002.0;1
104700;;;SQUID_INK;SEASHELLS;2000.0;1
104800;;;KELP;SEASHELLS;2001.0;1
104800;;;SQUID_INK;SEASHELLS;2000.0;1
105100;;;RAINFOREST_RESIN;SEASHELLS;10002.0;1
105200;;;KELP;SEASHELLS;2001.0;1
105200;;;SQUID_INK;SEASHELLS;1998.0;1
105900;;;RAINFOREST_RESIN;SEASHELLS;10002.0;5
106100;;;KELP;SEASHELLS;2004.0;8
106100;;;SQUID_INK;SEASHELLS;2001.0;8
106800;;;KELP;SEASHELLS;2004.0;2
106800;;;RAINFOREST_RESIN;SEASHELLS;10005.0;2
106800;;;SQUID_INK;SEASHELLS;2002.0;2
106900;;;KELP;SEASHELLS;2001.0;2
106900;;;KELP;SEASHELLS;2001.0;8
106900;;;SQUID_INK;SEASHELLS;2000.0;10
107200;;;RAINFOREST_RESIN;SEASHELLS;9995.0;4
107500;;;KELP;SEASHELLS;2004.0;2
107500;;;RAINFOREST_RESIN;SEASHELLS;10002.0;2
107500;;;SQUID_INK;SEASHELLS;2002.0;2
107700;;;KELP;SEASHELLS;2003.0;2
107700;;;RAINFOREST_RESIN;SEASHELLS;10004.0;2
107700;;;SQUID_INK;SEASHELLS;2001.0;2
108000;;;RAINFOREST_RESIN;SEASHELLS;9998.0;6
108000;;;RAINFOREST_RESIN;SEASHELLS;9998.0;5
108100;;;KELP;SEASHELLS;2001.0;4
108100;;;KELP;SEASHELLS;2001.0;2
108100;;;SQUID_INK;SEASHELLS;1999.0;4
108100;;;SQUID_INK;SEASHELLS;1999.0;5
108300;;;RAINFOREST_RESIN;SEASHELLS;9998.0;1
108400;;;KELP;SEASHELLS;2003.0;1
108400;;;SQUID_INK;SEASHELLS;1999.0;1
108600;;;KELP;SEASHELLS;2001.0;2
108600;;;RAINFOREST_RESIN;SEASHELLS;10002.0;1
108600;;;SQUID_INK;SEASHELLS;1998.0;2
108700;;;RAINFOREST_RESIN;SEASHELLS;9995.0;10
108800;;;KELP;SEASHELLS;2001.0;1
108800;;;SQUID_INK;SEASHELLS;1998.0;1
108900;;;KELP;SEASHELLS;2004.0;1
108900;;;RAINFOREST_RESIN;SEASHELLS;10004.0;1
108900;;;SQUID_INK;SEASHELLS;2000.0;1
109100;;;RAINFOREST_RESIN;SEASHELLS;10002.0;2
109400;;;SQUID_INK;SEASHELLS;1999.0;1
109600;;;KELP;SEASHELLS;2003.0;1
109600;;;SQUID_INK;SEASHELLS;2001.0;12
109900;;;KELP;SEASHELLS;2002.0;1
109900;;;RAINFOREST_RESIN;SEASHELLS;10005.0;1
109900;;;SQUID_INK;SEASHELLS;2000.0;1
110300;;;KELP;SEASHELLS;2000.0;8
110300;;;SQUID_INK;SEASHELLS;1999.0;8
111300;;;KELP;SEASHELLS;2002.0;1
111300;;;RAINFOREST_RESIN;SEASHELLS;9995.0;1
111300;;;SQUID_INK;SEASHELLS;2003.0;1
111600;;;KELP;SEASHELLS;2001.0;1
111600;;;KELP;SEASHELLS;2001.0;2
111600;;;RAINFOREST_RESIN;SEASHELLS;9996.0;2
111600;;;SQUID_INK;SEASHELLS;2001.0;1
111600;;;SQUID_INK;SEASHELLS;2001.0;2
112000;;;RAINFOREST_RESIN;SEASHELLS;10002.0;1
112200;;;RAINFOREST_RESIN;SEASHELLS;10002.0;1
112300;;;KELP;SEASHELLS;2001.0;1
112300;;;SQUID_INK;SEASHELLS;1999.0;1
112400;;;KELP;SEASHELLS;2003.0;1
112400;;;SQUID_INK;SEASHELLS;2001.0;1
112500;;;KELP;SEASHELLS;2001.0;1
112500;;;RAINFOREST_RESIN;SEASHELLS;10002.0;1
112500;;;SQUID_INK;SEASHELLS;1998.0;1
113100;;;KELP;SEASHELLS;2003.0;1
113100;;;SQUID_INK;SEASHELLS;2002.0;1
113200;;;KELP;SEASHELLS;2001.0;1
113200;;;SQUID_INK;SEASHELLS;1999.0;1
113400;;;KELP;SEASHELLS;2003.0;2
113400;;;RAINFOREST_RESIN;SEASHELLS;10004.0;1
113400;;;SQUID_INK;SEASHELLS;2002.0;2
113600;;;KELP;SEASHELLS;2001.0;1
113600;;;SQUID_INK;SEASHELLS;1998.0;1
113700;;;KELP;SEASHELLS;2003.0;1
113700;;;SQUID_INK;SEASHELLS;2002.0;1
113700;;;SQUID_INK;SEASHELLS;2001.0;1
113800;;;KELP;SEASHELLS;2001.0;1
113800;;;RAINFOREST_RESIN;SEASHELLS;9996.0;1
113800;;;SQUID_INK;SEASHELLS;2000.0;1
113900;;;KELP;SEASHELLS;2001.0;1
113900;;;SQUID_INK;SEASHELLS;2001.0;1
114300;;;KELP;SEASHELLS;2001.0;1
114300;;;SQUID_INK;SEASHELLS;2000.0;1
114700;;;RAINFOREST_RESIN;SEASHELLS;10005.0;12
114700;;;RAINFOREST_RESIN;SEASHELLS;9995.0;4
115000;;;KELP;SEASHELLS;2000.0;1
115000;;;SQUID_INK;SEASHELLS;1999.0;1
115200;;;KELP;SEASHELLS;2000.0;1
115200;;;SQUID_INK;SEASHELLS;2000.0;1
115300;;;KELP;SEASHELLS;2002.0;1
115300;;;SQUID_INK;SEASHELLS;2001.0;1
115600;;;KELP;SEASHELLS;2001.0;3
115600;;;RAINFOREST_RESIN;SEASHELLS;9998.0;1
115600;;;SQUID_INK;SEASHELLS;1999.0;3
115800;;;KELP;SEASHELLS;2002.0;1
115800;;;RAINFOREST_RESIN;SEASHELLS;9998.0;1
116600;;;KELP;SEASHELLS;2001.0;3
116600;;;SQUID_INK;SEASHELLS;2000.0;3
116700;;;KELP;SEASHELLS;2002.0;1
116700;;;SQUID_INK;SEASHELLS;2002.0;1
116900;;;KELP;SEASHELLS;2001.0;5
116900;;;SQUID_INK;SEASHELLS;2001.0;5
117700;;;KELP;SEASHELLS;2003.0;1
117700;;;SQUID_INK;SEASHELLS;2003.0;1
118000;;;KELP;SEASHELLS;2001.0;1
118000;;;RAINFOREST_RESIN;SEASHELLS;9995.0;1
118000;;;SQUID_INK;SEASHELLS;2002.0;1
118300;;;KELP;SEASHELLS;2002.0;2
118600;;;KELP;SEASHELLS;2001.0;1
118600;;;SQUID_INK;SEASHELLS;2001.0;1
119000;;;KELP;SEASHELLS;2003.0;1
119000;;;SQUID_INK;SEASHELLS;2003.0;1
119300;;;KELP;SEASHELLS;2004.0;1
119300;;;RAINFOREST_RESIN;SEASHELLS;10002.0;1
119300;;;SQUID_INK;SEASHELLS;2004.0;1
119500;;;KELP;SEASHELLS;2001.0;1
119500;;;SQUID_INK;SEASHELLS;2001.0;1
119700;;;KELP;SEASHELLS;2001.0;1
119700;;;SQUID_INK;SEASHELLS;2001.0;1
120200;;;KELP;SEASHELLS;2001.0;1
120200;;;RAINFOREST_RESIN;SEASHELLS;10002.0;1
120500;;;RAINFOREST_RESIN;SEASHELLS;9998.0;3
120700;;;KELP;SEASHELLS;2001.0;1
120700;;;SQUID_INK;SEASHELLS;2000.0;1
120800;;;KELP;SEASHELLS;2003.0;1
120800;;;RAINFOREST_RESIN;SEASHELLS;10000.0;2
120800;;;SQUID_INK;SEASHELLS;2000.0;1
120900;;;RAINFOREST_RESIN;SEASHELLS;9998.0;1
121300;;;KELP;SEASHELLS;2004.0;9
121300;;;SQUID_INK;SEASHELLS;1999.0;9
121800;;;RAINFOREST_RESIN;SEASHELLS;9998.0;2
122000;;;KELP;SEASHELLS;2000.0;9
122000;;;SQUID_INK;SEASHELLS;1994.0;9
122300;;;RAINFOREST_RESIN;SEASHELLS;10004.0;2
122300;;;RAINFOREST_RESIN;SEASHELLS;10004.0;3
122700;;;KELP;SEASHELLS;2001.0;1
122700;;;SQUID_INK;SEASHELLS;1997.0;1
123000;;;KELP;SEASHELLS;2001.0;1
123000;;;RAINFOREST_RESIN;SEASHELLS;9998.0;1
123000;;;SQUID_INK;SEASHELLS;1997.0;1
123100;;;KELP;SEASHELLS;2001.0;5
123100;;;KELP;SEASHELLS;2001.0;1
123100;;;SQUID_INK;SEASHELLS;1998.0;1
123200;;;KELP;SEASHELLS;2003.0;1
123200;;;SQUID_INK;SEASHELLS;2000.0;1
123300;;;KELP;SEASHELLS;2003.0;9
124000;;;KELP;SEASHELLS;2003.0;1
124000;;;SQUID_INK;SEASHELLS;2003.0;1
124400;;;RAINFOREST_RESIN;SEASHELLS;10002.0;1
124500;;;RAINFOREST_RESIN;SEASHELLS;9995.0;5
124600;;;SQUID_INK;SEASHELLS;2000.0;3
124700;;;RAINFOREST_RESIN;SEASHELLS;9998.0;1
124900;;;KELP;SEASHELLS;2004.0;2
124900;;;RAINFOREST_RESIN;SEASHELLS;10002.0;2
124900;;;SQUID_INK;SEASHELLS;2002.0;2
125100;;;KELP;SEASHELLS;2001.0;1
125100;;;RAINFOREST_RESIN;SEASHELLS;9998.0;1
125100;;;SQUID_INK;SEASHELLS;2000.0;1
125200;;;KELP;SEASHELLS;2003.0;1
125200;;;RAINFOREST_RESIN;SEASHELLS;10004.0;1
125200;;;SQUID_INK;SEASHELLS;2001.0;1
125300;;;KELP;SEASHELLS;2004.0;2
125300;;;RAINFOREST_RESIN;SEASHELLS;10005.0;2
125300;;;SQUID_INK;SEASHELLS;2001.0;2
125400;;;KELP;SEASHELLS;2001.0;2
125400;;;RAINFOREST_RESIN;SEASHELLS;9996.0;2
125400;;;SQUID_INK;SEASHELLS;1998.0;2
126200;;;KELP;SEASHELLS;2001.0;2
126200;;;SQUID_INK;SEASHELLS;2000.0;2
126400;;;RAINFOREST_RESIN;SEASHELLS;9996.0;1
126400;;;RAINFOREST_RESIN;SEASHELLS;9996.0;3
126500;;;RAINFOREST_RESIN;SEASHELLS;9998.0;4
127000;;;RAINFOREST_RESIN;SEASHELLS;9995.0;12
127200;;;RAINFOREST_RESIN;SEASHELLS;10002.0;2
127300;;;KELP;SEASHELLS;2001.0;1
127300;;;KELP;SEASHELLS;2001.0;6
127300;;;SQUID_INK;SEASHELLS;2002.0;1
127300;;;SQUID_INK;SEASHELLS;2002.0;6
127400;;;RAINFOREST_RESIN;SEASHELLS;10002.0;1
127600;;;KELP;SEASHELLS;2001.0;1
127800;;;RAINFOREST_RESIN;SEASHELLS;10004.0;2
127900;;;RAINFOREST_RESIN;SEASHELLS;10002.0;1
128400;;;KELP;SEASHELLS;2001.0;9
128900;;;KELP;SEASHELLS;2003.0;3
129200;;;KELP;SEASHELLS;2001.0;2
129200;;;RAINFOREST_RESIN;SEASHELLS;9995.0;2
129200;;;SQUID_INK;SEASHELLS;1999.0;2
129600;;;KELP;SEASHELLS;2003.0;1
129600;;;SQUID_INK;SEASHELLS;1999.0;1
129700;;;KELP;SEASHELLS;2001.0;1
129700;;;KELP;SEASHELLS;2001.0;1
129700;;;RAINFOREST_RESIN;SEASHELLS;9995.0;1
129700;;;SQUID_INK;SEASHELLS;1996.0;1
129800;;;KELP;SEASHELLS;2001.0;1
129800;;;SQUID_INK;SEASHELLS;1997.0;1
130100;;;RAINFOREST_RESIN;SEASHELLS;10002.0;1
130100;;;RAINFOREST_RESIN;SEASHELLS;10002.0;4
130200;;;KELP;SEASHELLS;2001.0;1
130200;;;SQUID_INK;SEASHELLS;1997.0;1
130300;;;KELP;SEASHELLS;2001.0;1
130300;;;RAINFOREST_RESIN;SEASHELLS;9998.0;3
130300;;;SQUID_INK;SEASHELLS;1997.0;1
130400;;;KELP;SEASHELLS;2001.0;1
130400;;;SQUID_INK;SEASHELLS;1997.0;1
130500;;;KELP;SEASHELLS;2004.0;12
130500;;;RAINFOREST_RESIN;SEASHELLS;9998.0;3
130500;;;SQUID_INK;SEASHELLS;1999.0;12
131100;;;KELP;SEASHELLS;2001.0;5
131100;;;KELP;SEASHELLS;2001.0;1
131100;;;SQUID_INK;SEASHELLS;1995.0;5
131100;;;SQUID_INK;SEASHELLS;1995.0;1
131200;;;RAINFOREST_RESIN;SEASHELLS;9998.0;1
131400;;;RAINFOREST_RESIN;SEASHELLS;9998.0;3
131600;;;RAINFOREST_RESIN;SEASHELLS;9998.0;1
132000;;;KELP;SEASHELLS;2004.0;1
132000;;;RAINFOREST_RESIN;SEASHELLS;10004.0;1
132000;;;SQUID_INK;SEASHELLS;2000.0;1
132100;;;KELP;SEASHELLS;2001.0;7
132100;;;RAINFOREST_RESIN;SEASHELLS;9998.0;5
132100;;;SQUID_INK;SEASHELLS;1997.0;1
132300;;;KELP;SEASHELLS;2002.0;1
132300;;;RAINFOREST_RESIN;SEASHELLS;10000.0;1
132300;;;SQUID_INK;SEASHELLS;1998.0;1
132700;;;KELP;SEASHELLS;2002.0;3
132700;;;RAINFOREST_RESIN;SEASHELLS;10004.0;1
132700;;;RAINFOREST_RESIN;SEASHELLS;10004.0;9
132700;;;SQUID_INK;SEASHELLS;1999.0;3
133400;;;KELP;SEASHELLS;2005.0;1
133400;;;RAINFOREST_RESIN;SEASHELLS;10004.0;1
133400;;;SQUID_INK;SEASHELLS;2000.0;1
133700;;;KELP;SEASHELLS;2005.0;1
133700;;;RAINFOREST_RESIN;SEASHELLS;10004.0;1
133700;;;SQUID_INK;SEASHELLS;2000.0;1
134100;;;KELP;SEASHELLS;2004.0;1
134100;;;KELP;SEASHELLS;2004.0;9
134100;;;SQUID_INK;SEASHELLS;1998.0;1
134200;;;KELP;SEASHELLS;2002.0;2
134200;;;SQUID_INK;SEASHELLS;1995.0;1
134200;;;SQUID_INK;SEASHELLS;1995.0;1
134700;;;KELP;SEASHELLS;2005.0;1
134700;;;RAINFOREST_RESIN;SEASHELLS;10004.0;1
134700;;;SQUID_INK;SEASHELLS;1996.0;1
134800;;;RAINFOREST_RESIN;SEASHELLS;10004.0;2
134900;;;RAINFOREST_RESIN;SEASHELLS;10002.0;1
135200;;;KELP;SEASHELLS;2002.0;15
135200;;;SQUID_INK;SEASHELLS;1990.0;15
135300;;;KELP;SEASHELLS;2002.0;1
135300;;;SQUID_INK;SEASHELLS;1987.0;1
135600;;;KELP;SEASHELLS;2002.0;1
135600;;;SQUID_INK;SEASHELLS;1985.0;1
136500;;;KELP;SEASHELLS;2002.0;1
136500;;;KELP;SEASHELLS;2005.0;2
136500;;;RAINFOREST_RESIN;SEASHELLS;10005.0;2
136500;;;SQUID_INK;SEASHELLS;1986.0;1
136500;;;SQUID_INK;SEASHELLS;1989.0;2
136800;;;RAINFOREST_RESIN;SEASHELLS;9998.0;2
136900;;;KELP;SEASHELLS;2002.0;1
136900;;;SQUID_INK;SEASHELLS;1987.0;1
137000;;;KELP;SEASHELLS;2006.0;9
137000;;;SQUID_INK;SEASHELLS;1988.0;9
137700;;;RAINFOREST_RESIN;SEASHELLS;10004.0;1
139100;;;RAINFOREST_RESIN;SEASHELLS;9998.0;5
139400;;;RAINFOREST_RESIN;SEASHELLS;9996.0;1
139400;;;RAINFOREST_RESIN;SEASHELLS;9996.0;2
140400;;;KELP;SEASHELLS;2005.0;1
140400;;;SQUID_INK;SEASHELLS;1990.0;1
140700;;;RAINFOREST_RESIN;SEASHELLS;9998.0;2
140800;;;KELP;SEASHELLS;2003.0;1
140800;;;SQUID_INK;SEASHELLS;1985.0;1
140900;;;SQUID_INK;SEASHELLS;1984.0;1
141100;;;RAINFOREST_RESIN;SEASHELLS;9998.0;1
141200;;;KELP;SEASHELLS;2002.0;11
141200;;;SQUID_INK;SEASHELLS;1986.0;11
141400;;;KELP;SEASHELLS;2005.0;1
141400;;;SQUID_INK;SEASHELLS;1985.0;1
141600;;;KELP;SEASHELLS;2005.0;1
141600;;;KELP;SEASHELLS;2004.0;2
141600;;;SQUID_INK;SEASHELLS;1987.0;1
142000;;;KELP;SEASHELLS;2002.0;11
142000;;;RAINFOREST_RESIN;SEASHELLS;9996.0;1
142000;;;SQUID_INK;SEASHELLS;1985.0;11
142400;;;KELP;SEASHELLS;2006.0;1
142400;;;RAINFOREST_RESIN;SEASHELLS;10004.0;1
142400;;;SQUID_INK;SEASHELLS;1989.0;1
142800;;;KELP;SEASHELLS;2006.0;13
142800;;;KELP;SEASHELLS;2005.0;4
142800;;;KELP;SEASHELLS;2005.0;1
142800;;;SQUID_INK;SEASHELLS;1986.0;13
142800;;;SQUID_INK;SEASHELLS;1985.0;1
143100;;;KELP;SEASHELLS;2003.0;2
143100;;;RAINFOREST_RESIN;SEASHELLS;9995.0;2
143100;;;SQUID_INK;SEASHELLS;1985.0;2
143200;;;KELP;SEASHELLS;2003.0;1
143200;;;RAINFOREST_RESIN;SEASHELLS;9995.0;1
143200;;;RAINFOREST_RESIN;SEASHELLS;9998.0;1
143200;;;SQUID_INK;SEASHELLS;1983.0;1
143300;;;KELP;SEASHELLS;2003.0;1
143300;;;SQUID_INK;SEASHELLS;1986.0;1
143800;;;KELP;SEASHELLS;2003.0;1
143800;;;RAINFOREST_RESIN;SEASHELLS;9998.0;1
143800;;;SQUID_INK;SEASHELLS;1987.0;1
144100;;;RAINFOREST_RESIN;SEASHELLS;10002.0;1
144200;;;KELP;SEASHELLS;2006.0;2
144200;;;RAINFOREST_RESIN;SEASHELLS;10004.0;1
144200;;;SQUID_INK;SEASHELLS;1982.0;2
144600;;;RAINFOREST_RESIN;SEASHELLS;9998.0;3
144800;;;KELP;SEASHELLS;2004.0;1
144800;;;SQUID_INK;SEASHELLS;1984.0;1
144900;;;RAINFOREST_RESIN;SEASHELLS;10002.0;1
145800;;;RAINFOREST_RESIN;SEASHELLS;9998.0;3
145800;;;SQUID_INK;SEASHELLS;1979.0;1
145900;;;KELP;SEASHELLS;2005.0;1
145900;;;KELP;SEASHELLS;2004.0;1
145900;;;RAINFOREST_RESIN;SEASHELLS;10004.0;1
145900;;;SQUID_INK;SEASHELLS;1974.0;1
145900;;;SQUID_INK;SEASHELLS;1973.0;1
146000;;;KELP;SEASHELLS;2004.0;1
146000;;;SQUID_INK;SEASHELLS;1970.0;1
146200;;;KELP;SEASHELLS;2002.0;10
146200;;;SQUID_INK;SEASHELLS;1964.0;10
146300;;;KELP;SEASHELLS;2005.0;2
146300;;;RAINFOREST_RESIN;SEASHELLS;10005.0;2
146300;;;SQUID_INK;SEASHELLS;1967.0;2
146700;;;RAINFOREST_RESIN;SEASHELLS;10005.0;5
146900;;;KELP;SEASHELLS;2002.0;1
146900;;;KELP;SEASHELLS;2003.0;3
146900;;;RAINFOREST_RESIN;SEASHELLS;10004.0;2
146900;;;RAINFOREST_RESIN;SEASHELLS;10004.0;8
146900;;;SQUID_INK;SEASHELLS;1970.0;3
146900;;;SQUID_INK;SEASHELLS;1970.0;1
147000;;;KELP;SEASHELLS;2005.0;8
147000;;;SQUID_INK;SEASHELLS;1972.0;8
147100;;;KELP;SEASHELLS;2002.0;4
147100;;;SQUID_INK;SEASHELLS;1969.0;4
147300;;;KELP;SEASHELLS;2002.0;1
147300;;;SQUID_INK;SEASHELLS;1970.0;1
147400;;;KELP;SEASHELLS;2002.0;1
147400;;;RAINFOREST_RESIN;SEASHELLS;9995.0;1
147400;;;SQUID_INK;SEASHELLS;1972.0;1
147800;;;KELP;SEASHELLS;2004.0;1
147800;;;RAINFOREST_RESIN;SEASHELLS;9998.0;1
147800;;;SQUID_INK;SEASHELLS;1979.0;1
148000;;;KELP;SEASHELLS;2003.0;1
148000;;;RAINFOREST_RESIN;SEASHELLS;9998.0;1
148000;;;RAINFOREST_RESIN;SEASHELLS;10000.0;1
148000;;;SQUID_INK;SEASHELLS;1978.0;1
148100;;;KELP;SEASHELLS;2002.0;3
148100;;;SQUID_INK;SEASHELLS;1977.0;3
148200;;;KELP;SEASHELLS;2004.0;1
148200;;;RAINFOREST_RESIN;SEASHELLS;9995.0;2
148200;;;SQUID_INK;SEASHELLS;1980.0;1
148300;;;KELP;SEASHELLS;2002.0;10
148300;;;SQUID_INK;SEASHELLS;1978.0;10
148500;;;KELP;SEASHELLS;2004.0;1
148500;;;SQUID_INK;SEASHELLS;1979.0;1
148700;;;KELP;SEASHELLS;2002.0;1
148700;;;SQUID_INK;SEASHELLS;1981.0;1
148800;;;KELP;SEASHELLS;2002.0;9
148800;;;SQUID_INK;SEASHELLS;1980.0;9
149000;;;KELP;SEASHELLS;2002.0;2
149000;;;SQUID_INK;SEASHELLS;1980.0;2
149400;;;KELP;SEASHELLS;2003.0;3
149400;;;SQUID_INK;SEASHELLS;1980.0;3
149600;;;KELP;SEASHELLS;2002.0;3
150000;;;KELP;SEASHELLS;2003.0;1
150000;;;SQUID_INK;SEASHELLS;1982.0;1
150000;;;SQUID_INK;SEASHELLS;1982.0;1
150100;;;KELP;SEASHELLS;2004.0;1
150100;;;RAINFOREST_RESIN;SEASHELLS;10004.0;1
150100;;;SQUID_INK;SEASHELLS;1981.0;1
150200;;;KELP;SEASHELLS;2004.0;1
150200;;;SQUID_INK;SEASHELLS;1982.0;1
150300;;;KELP;SEASHELLS;2001.0;1
150300;;;RAINFOREST_RESIN;SEASHELLS;9996.0;1
150300;;;SQUID_INK;SEASHELLS;1980.0;1
150800;;;KELP;SEASHELLS;2003.0;2
150800;;;SQUID_INK;SEASHELLS;1980.0;2
151400;;;KELP;SEASHELLS;2001.0;1
151400;;;RAINFOREST_RESIN;SEASHELLS;10002.0;1
151400;;;SQUID_INK;SEASHELLS;1976.0;1
151900;;;SQUID_INK;SEASHELLS;1977.0;1
152000;;;RAINFOREST_RESIN;SEASHELLS;10002.0;6
152100;;;KELP;SEASHELLS;2005.0;2
152100;;;RAINFOREST_RESIN;SEASHELLS;10004.0;2
152100;;;SQUID_INK;SEASHELLS;1981.0;2
152300;;;KELP;SEASHELLS;2001.0;1
152300;;;SQUID_INK;SEASHELLS;1975.0;1
152800;;;SQUID_INK;SEASHELLS;1978.0;3
153200;;;RAINFOREST_RESIN;SEASHELLS;9995.0;5
153400;;;KELP;SEASHELLS;2003.0;2
153400;;;SQUID_INK;SEASHELLS;1978.0;2
153500;;;KELP;SEASHELLS;2005.0;1
153500;;;RAINFOREST_RESIN;SEASHELLS;10002.0;1
153500;;;SQUID_INK;SEASHELLS;1979.0;1
153600;;;KELP;SEASHELLS;2002.0;1
153600;;;SQUID_INK;SEASHELLS;1976.0;1
153700;;;RAINFOREST_RESIN;SEASHELLS;9998.0;1
153900;;;KELP;SEASHELLS;2002.0;1
153900;;;SQUID_INK;SEASHELLS;1977.0;1
154000;;;KELP;SEASHELLS;2002.0;10
154000;;;SQUID_INK;SEASHELLS;1977.0;10
154100;;;RAINFOREST_RESIN;SEASHELLS;9998.0;2
154400;;;RAINFOREST_RESIN;SEASHELLS;10002.0;2
154600;;;RAINFOREST_RESIN;SEASHELLS;10002.0;1
154700;;;KELP;SEASHELLS;2002.0;1
154700;;;SQUID_INK;SEASHELLS;1976.0;1
154800;;;KELP;SEASHELLS;2002.0;1
154800;;;SQUID_INK;SEASHELLS;1977.0;1
155200;;;RAINFOREST_RESIN;SEASHELLS;10002.0;1
155600;;;KELP;SEASHELLS;2005.0;1
155600;;;RAINFOREST_RESIN;SEASHELLS;9998.0;1
155600;;;SQUID_INK;SEASHELLS;1983.0;1
155700;;;RAINFOREST_RESIN;SEASHELLS;10002.0;1
156200;;;KELP;SEASHELLS;2002.0;5
156200;;;SQUID_INK;SEASHELLS;1979.0;1
156200;;;SQUID_INK;SEASHELLS;1979.0;4
156400;;;KELP;SEASHELLS;2004.0;7
156400;;;SQUID_INK;SEASHELLS;1982.0;7
156500;;;RAINFOREST_RESIN;SEASHELLS;10002.0;1
156700;;;KELP;SEASHELLS;2004.0;2
156700;;;RAINFOREST_RESIN;SEASHELLS;10004.0;2
156700;;;SQUID_INK;SEASHELLS;1982.0;2
157000;;;KELP;SEASHELLS;2004.0;11
157000;;;SQUID_INK;SEASHELLS;1982.0;11
157400;;;KELP;SEASHELLS;2001.0;1
157400;;;RAINFOREST_RESIN;SEASHELLS;10002.0;1
157400;;;SQUID_INK;SEASHELLS;1980.0;1
157700;;;KELP;SEASHELLS;2004.0;1
157700;;;RAINFOREST_RESIN;SEASHELLS;10004.0;1
157700;;;SQUID_INK;SEASHELLS;1982.0;1
157900;;;KELP;SEASHELLS;2002.0;2
157900;;;RAINFOREST_RESIN;SEASHELLS;10005.0;2
157900;;;SQUID_INK;SEASHELLS;1979.0;2
158000;;;KELP;SEASHELLS;2002.0;1
158000;;;RAINFOREST_RESIN;SEASHELLS;10002.0;1
158000;;;SQUID_INK;SEASHELLS;1979.0;1
158200;;;RAINFOREST_RESIN;SEASHELLS;9998.0;8
158300;;;KELP;SEASHELLS;2002.0;1
158300;;;RAINFOREST_RESIN;SEASHELLS;10002.0;1
158300;;;SQUID_INK;SEASHELLS;1977.0;1
158500;;;KELP;SEASHELLS;2002.0;1
158500;;;SQUID_INK;SEASHELLS;1975.0;1
159200;;;KELP;SEASHELLS;2002.0;2
159200;;;RAINFOREST_RESIN;SEASHELLS;9998.0;2
159200;;;SQUID_INK;SEASHELLS;1974.0;2
159400;;;KELP;SEASHELLS;2002.0;8
159400;;;RAINFOREST_RESIN;SEASHELLS;10002.0;1
159400;;;SQUID_INK;SEASHELLS;1973.0;8
159500;;;KELP;SEASHELLS;2002.0;1
159500;;;SQUID_INK;SEASHELLS;1973.0;1
159900;;;KELP;SEASHELLS;2002.0;2
159900;;;RAINFOREST_RESIN;SEASHELLS;9996.0;2
159900;;;SQUID_INK;SEASHELLS;1972.0;2
160200;;;KELP;SEASHELLS;2002.0;1
160200;;;SQUID_INK;SEASHELLS;1970.0;1
160300;;;KELP;SEASHELLS;2004.0;1
160300;;;SQUID_INK;SEASHELLS;1973.0;1
160400;;;KELP;SEASHELLS;2002.0;1
160400;;;SQUID_INK;SEASHELLS;1972.0;1
160700;;;KELP;SEASHELLS;2002.0;1
160700;;;SQUID_INK;SEASHELLS;1975.0;1
160800;;;KELP;SEASHELLS;2005.0;13
160800;;;SQUID_INK;SEASHELLS;1979.0;13
161200;;;KELP;SEASHELLS;2003.0;3
161200;;;SQUID_INK;SEASHELLS;1978.0;3
161400;;;KELP;SEASHELLS;2006.0;13
161400;;;SQUID_INK;SEASHELLS;1982.0;13
161800;;;KELP;SEASHELLS;2002.0;1
161800;;;SQUID_INK;SEASHELLS;1978.0;1
162000;;;KELP;SEASHELLS;2005.0;2
162000;;;RAINFOREST_RESIN;SEASHELLS;10005.0;2
162000;;;SQUID_INK;SEASHELLS;1981.0;2
162300;;;KELP;SEASHELLS;2001.0;2
162300;;;RAINFOREST_RESIN;SEASHELLS;10002.0;2
162300;;;SQUID_INK;SEASHELLS;1977.0;2
162400;;;SQUID_INK;SEASHELLS;1977.0;1
162700;;;KELP;SEASHELLS;2002.0;1
162700;;;RAINFOREST_RESIN;SEASHELLS;9996.0;1
162700;;;SQUID_INK;SEASHELLS;1975.0;1
162800;;;KELP;SEASHELLS;2001.0;2
162800;;;RAINFOREST_RESIN;SEASHELLS;9995.0;2
162800;;;SQUID_INK;SEASHELLS;1974.0;2
163100;;;KELP;SEASHELLS;2003.0;1
163100;;;SQUID_INK;SEASHELLS;1979.0;1
163300;;;KELP;SEASHELLS;2004.0;1
163300;;;SQUID_INK;SEASHELLS;1979.0;1
163600;;;KELP;SEASHELLS;2002.0;2
163700;;;KELP;SEASHELLS;2001.0;4
163700;;;SQUID_INK;SEASHELLS;1978.0;4
163900;;;RAINFOREST_RESIN;SEASHELLS;10002.0;4
163900;;;RAINFOREST_RESIN;SEASHELLS;10002.0;1
164000;;;RAINFOREST_RESIN;SEASHELLS;10000.0;3
164600;;;RAINFOREST_RESIN;SEASHELLS;9998.0;1
164800;;;RAINFOREST_RESIN;SEASHELLS;9998.0;1
164900;;;KELP;SEASHELLS;2002.0;3
165000;;;RAINFOREST_RESIN;SEASHELLS;10002.0;2
165300;;;RAINFOREST_RESIN;SEASHELLS;9996.0;1
165300;;;RAINFOREST_RESIN;SEASHELLS;9996.0;3
165500;;;KELP;SEASHELLS;2004.0;1
165500;;;SQUID_INK;SEASHELLS;1983.0;1
165700;;;KELP;SEASHELLS;2004.0;1
165700;;;SQUID_INK;SEASHELLS;1984.0;1
166100;;;RAINFOREST_RESIN;SEASHELLS;10002.0;1
166300;;;RAINFOREST_RESIN;SEASHELLS;10002.0;1
166400;;;RAINFOREST_RESIN;SEASHELLS;10002.0;1
166600;;;KELP;SEASHELLS;2003.0;3
166600;;;SQUID_INK;SEASHELLS;1986.0;3
166700;;;KELP;SEASHELLS;2002.0;1
166700;;;KELP;SEASHELLS;2002.0;1
166700;;;RAINFOREST_RESIN;SEASHELLS;10002.0;1
166700;;;SQUID_INK;SEASHELLS;1986.0;1
166700;;;SQUID_INK;SEASHELLS;1986.0;1
167100;;;KELP;SEASHELLS;2002.0;1
167100;;;SQUID_INK;SEASHELLS;1987.0;1
167300;;;KELP;SEASHELLS;2006.0;2
167300;;;RAINFOREST_RESIN;SEASHELLS;10005.0;2
167300;;;SQUID_INK;SEASHELLS;1990.0;2
168100;;;RAINFOREST_RESIN;SEASHELLS;10002.0;1
168200;;;KELP;SEASHELLS;2002.0;1
168200;;;RAINFOREST_RESIN;SEASHELLS;9995.0;1
168200;;;SQUID_INK;SEASHELLS;1982.0;1
168900;;;RAINFOREST_RESIN;SEASHELLS;9998.0;5
169200;;;KELP;SEASHELLS;2002.0;1
169200;;;SQUID_INK;SEASHELLS;1982.0;1
169300;;;KELP;SEASHELLS;2003.0;3
169300;;;RAINFOREST_RESIN;SEASHELLS;10002.0;1
169300;;;SQUID_INK;SEASHELLS;1982.0;3
169500;;;KELP;SEASHELLS;2005.0;12
169500;;;SQUID_INK;SEASHELLS;1985.0;12
169600;;;KELP;SEASHELLS;2004.0;1
169600;;;SQUID_INK;SEASHELLS;1984.0;1
170000;;;KELP;SEASHELLS;2003.0;1
170000;;;KELP;SEASHELLS;2003.0;1
170000;;;KELP;SEASHELLS;2003.0;2
170000;;;RAINFOREST_RESIN;SEASHELLS;10002.0;2
170000;;;SQUID_INK;SEASHELLS;1982.0;1
170000;;;SQUID_INK;SEASHELLS;1982.0;1
170000;;;SQUID_INK;SEASHELLS;1982.0;2
170200;;;KELP;SEASHELLS;2005.0;1
170200;;;RAINFOREST_RESIN;SEASHELLS;10004.0;1
170200;;;SQUID_INK;SEASHELLS;1981.0;1
170400;;;KELP;SEASHELLS;2005.0;12
170400;;;SQUID_INK;SEASHELLS;1982.0;12
171400;;;RAINFOREST_RESIN;SEASHELLS;9998.0;1
171700;;;KELP;SEASHELLS;2003.0;1
171700;;;RAINFOREST_RESIN;SEASHELLS;10004.0;1
171700;;;SQUID_INK;SEASHELLS;1979.0;1
172000;;;KELP;SEASHELLS;2001.0;13
172000;;;SQUID_INK;SEASHELLS;1975.0;13
172100;;;RAINFOREST_RESIN;SEASHELLS;10002.0;1
172200;;;RAINFOREST_RESIN;SEASHELLS;10002.0;1
172300;;;RAINFOREST_RESIN;SEASHELLS;10002.0;1
172600;;;RAINFOREST_RESIN;SEASHELLS;10002.0;1
172700;;;RAINFOREST_RESIN;SEASHELLS;10004.0;2
173100;;;RAINFOREST_RESIN;SEASHELLS;10005.0;4
173600;;;KELP;SEASHELLS;2004.0;1
173600;;;SQUID_INK;SEASHELLS;1980.0;1
173700;;;RAINFOREST_RESIN;SEASHELLS;9998.0;1
174100;;;KELP;SEASHELLS;2003.0;1
174100;;;RAINFOREST_RESIN;SEASHELLS;9998.0;1
174100;;;SQUID_INK;SEASHELLS;1977.0;1
174400;;;KELP;SEASHELLS;2002.0;3
174400;;;SQUID_INK;SEASHELLS;1973.0;3
174700;;;KELP;SEASHELLS;2003.0;2
174900;;;KELP;SEASHELLS;2003.0;1
174900;;;RAINFOREST_RESIN;SEASHELLS;10002.0;1
174900;;;SQUID_INK;SEASHELLS;1974.0;1
175200;;;KELP;SEASHELLS;2003.0;1
175200;;;KELP;SEASHELLS;2001.0;2
175200;;;RAINFOREST_RESIN;SEASHELLS;9996.0;2
175200;;;RAINFOREST_RESIN;SEASHELLS;9998.0;1
175200;;;SQUID_INK;SEASHELLS;1974.0;1
175200;;;SQUID_INK;SEASHELLS;1972.0;2
175500;;;KELP;SEASHELLS;2004.0;1
175500;;;RAINFOREST_RESIN;SEASHELLS;10004.0;1
175500;;;SQUID_INK;SEASHELLS;1973.0;1
175600;;;KELP;SEASHELLS;2003.0;1
175600;;;SQUID_INK;SEASHELLS;1971.0;1
176000;;;SQUID_INK;SEASHELLS;1970.0;1
176100;;;RAINFOREST_RESIN;SEASHELLS;10002.0;1
176500;;;KELP;SEASHELLS;2005.0;2
176500;;;RAINFOREST_RESIN;SEASHELLS;10004.0;1
176500;;;SQUID_INK;SEASHELLS;1983.0;2
176900;;;KELP;SEASHELLS;2002.0;2
176900;;;RAINFOREST_RESIN;SEASHELLS;10005.0;9
176900;;;SQUID_INK;SEASHELLS;1981.0;2
177200;;;KELP;SEASHELLS;2002.0;7
177200;;;KELP;SEASHELLS;2002.0;1
177200;;;SQUID_INK;SEASHELLS;1982.0;7
177200;;;SQUID_INK;SEASHELLS;1982.0;1
177300;;;KELP;SEASHELLS;2002.0;2
177300;;;SQUID_INK;SEASHELLS;1983.0;2
177900;;;RAINFOREST_RESIN;SEASHELLS;9998.0;3
178200;;;KELP;SEASHELLS;2004.0;1
178200;;;SQUID_INK;SEASHELLS;1985.0;1
178500;;;KELP;SEASHELLS;2002.0;13
178500;;;SQUID_INK;SEASHELLS;1984.0;13
178700;;;KELP;SEASHELLS;2003.0;7
178700;;;SQUID_INK;SEASHELLS;1985.0;7
178800;;;KELP;SEASHELLS;2003.0;4
178800;;;SQUID_INK;SEASHELLS;1985.0;4
179600;;;KELP;SEASHELLS;2002.0;7
179600;;;RAINFOREST_RESIN;SEASHELLS;10002.0;1
179600;;;SQUID_INK;SEASHELLS;1986.0;7
180000;;;KELP;SEASHELLS;2002.0;1
180000;;;SQUID_INK;SEASHELLS;1985.0;1
180500;;;KELP;SEASHELLS;2002.0;1
180500;;;SQUID_INK;SEASHELLS;1984.0;1
180600;;;SQUID_INK;SEASHELLS;1985.0;4
180900;;;RAINFOREST_RESIN;SEASHELLS;9998.0;1
180900;;;RAINFOREST_RESIN;SEASHELLS;9998.0;2
181000;;;RAINFOREST_RESIN;SEASHELLS;10002.0;1
181400;;;KELP;SEASHELLS;2002.0;1
181400;;;SQUID_INK;SEASHELLS;1982.0;1
181500;;;KELP;SEASHELLS;2002.0;2
181500;;;KELP;SEASHELLS;2002.0;11
181500;;;SQUID_INK;SEASHELLS;1982.0;2
181500;;;SQUID_INK;SEASHELLS;1982.0;11
181600;;;RAINFOREST_RESIN;SEASHELLS;9996.0;1
181800;;;KELP;SEASHELLS;2004.0;2
181800;;;RAINFOREST_RESIN;SEASHELLS;10005.0;2
181800;;;SQUID_INK;SEASHELLS;1986.0;2
182300;;;RAINFOREST_RESIN;SEASHELLS;9998.0;1
182300;;;RAINFOREST_RESIN;SEASHELLS;9998.0;3
182400;;;KELP;SEASHELLS;2002.0;3
182400;;;SQUID_INK;SEASHELLS;1984.0;3
182500;;;RAINFOREST_RESIN;SEASHELLS;10002.0;1
182700;;;RAINFOREST_RESIN;SEASHELLS;9996.0;2
182900;;;RAINFOREST_RESIN;SEASHELLS;10002.0;1
183100;;;KELP;SEASHELLS;2002.0;1
183100;;;RAINFOREST_RESIN;SEASHELLS;10002.0;1
183100;;;SQUID_INK;SEASHELLS;1985.0;1
183400;;;KELP;SEASHELLS;2002.0;1
183400;;;SQUID_INK;SEASHELLS;1985.0;1
183900;;;RAINFOREST_RESIN;SEASHELLS;10002.0;1
184200;;;KELP;SEASHELLS;2002.0;1
184200;;;SQUID_INK;SEASHELLS;1987.0;1
184400;;;KELP;SEASHELLS;2005.0;9
184400;;;SQUID_INK;SEASHELLS;1992.0;9
184800;;;RAINFOREST_RESIN;SEASHELLS;10000.0;2
184800;;;SQUID_INK;SEASHELLS;1990.0;2
185000;;;KELP;SEASHELLS;2002.0;1
185000;;;RAINFOREST_RESIN;SEASHELLS;9995.0;1
185000;;;SQUID_INK;SEASHELLS;1988.0;1
185500;;;KELP;SEASHELLS;2002.0;7
185500;;;KELP;SEASHELLS;2002.0;7
185500;;;SQUID_INK;SEASHELLS;1987.0;7
185500;;;SQUID_INK;SEASHELLS;1987.0;7
186000;;;KELP;SEASHELLS;2002.0;1
186000;;;RAINFOREST_RESIN;SEASHELLS;9995.0;1
186000;;;SQUID_INK;SEASHELLS;1986.0;1
186500;;;KELP;SEASHELLS;2002.0;1
186500;;;RAINFOREST_RESIN;SEASHELLS;9996.0;1
186500;;;SQUID_INK;SEASHELLS;1985.0;1
186800;;;KELP;SEASHELLS;2002.0;1
186800;;;RAINFOREST_RESIN;SEASHELLS;9995.0;6
186800;;;RAINFOREST_RESIN;SEASHELLS;9995.0;1
186800;;;SQUID_INK;SEASHELLS;1985.0;1
186900;;;RAINFOREST_RESIN;SEASHELLS;10004.0;2
186900;;;RAINFOREST_RESIN;SEASHELLS;10004.0;9
186900;;;RAINFOREST_RESIN;SEASHELLS;10002.0;5
187300;;;KELP;SEASHELLS;2004.0;1
187300;;;RAINFOREST_RESIN;SEASHELLS;9998.0;2
187300;;;SQUID_INK;SEASHELLS;1990.0;1
187400;;;KELP;SEASHELLS;2005.0;13
187400;;;SQUID_INK;SEASHELLS;1991.0;13
187500;;;KELP;SEASHELLS;2002.0;1
187500;;;SQUID_INK;SEASHELLS;1989.0;1
187600;;;KELP;SEASHELLS;2005.0;15
187600;;;SQUID_INK;SEASHELLS;1992.0;15
187700;;;KELP;SEASHELLS;2004.0;1
187700;;;SQUID_INK;SEASHELLS;1991.0;1
188400;;;KELP;SEASHELLS;2002.0;1
188400;;;SQUID_INK;SEASHELLS;1987.0;1
188700;;;KELP;SEASHELLS;2004.0;1
188700;;;RAINFOREST_RESIN;SEASHELLS;10002.0;1
188700;;;SQUID_INK;SEASHELLS;1990.0;1
188900;;;KELP;SEASHELLS;2004.0;1
188900;;;SQUID_INK;SEASHELLS;1992.0;1
189000;;;RAINFOREST_RESIN;SEASHELLS;10002.0;1
189300;;;KELP;SEASHELLS;2002.0;1
189300;;;SQUID_INK;SEASHELLS;1989.0;1
189500;;;KELP;SEASHELLS;2002.0;6
189500;;;SQUID_INK;SEASHELLS;1987.0;6
189700;;;KELP;SEASHELLS;2005.0;1
189700;;;RAINFOREST_RESIN;SEASHELLS;10005.0;1
189700;;;SQUID_INK;SEASHELLS;1991.0;1
189800;;;KELP;SEASHELLS;2005.0;11
189800;;;SQUID_INK;SEASHELLS;1992.0;11
189900;;;RAINFOREST_RESIN;SEASHELLS;9998.0;1
190400;;;RAINFOREST_RESIN;SEASHELLS;10002.0;4
190400;;;RAINFOREST_RESIN;SEASHELLS;10002.0;1
191300;;;KELP;SEASHELLS;2005.0;7
191300;;;SQUID_INK;SEASHELLS;1989.0;7
191500;;;KELP;SEASHELLS;2002.0;2
191500;;;RAINFOREST_RESIN;SEASHELLS;9995.0;2
191500;;;SQUID_INK;SEASHELLS;1985.0;2
191600;;;KELP;SEASHELLS;2002.0;1
191600;;;RAINFOREST_RESIN;SEASHELLS;9998.0;3
191600;;;SQUID_INK;SEASHELLS;1985.0;1
191900;;;RAINFOREST_RESIN;SEASHELLS;10002.0;1
192400;;;KELP;SEASHELLS;2002.0;8
192400;;;SQUID_INK;SEASHELLS;1984.0;8
193100;;;KELP;SEASHELLS;2002.0;1
193400;;;RAINFOREST_RESIN;SEASHELLS;10002.0;2
193600;;;KELP;SEASHELLS;2004.0;3
193600;;;KELP;SEASHELLS;2004.0;2
193600;;;RAINFOREST_RESIN;SEASHELLS;9995.0;2
193600;;;SQUID_INK;SEASHELLS;1986.0;3
193600;;;SQUID_INK;SEASHELLS;1986.0;2
194600;;;KELP;SEASHELLS;2004.0;2
194600;;;RAINFOREST_RESIN;SEASHELLS;9998.0;2
194600;;;SQUID_INK;SEASHELLS;1983.0;2
195300;;;KELP;SEASHELLS;2005.0;11
195300;;;SQUID_INK;SEASHELLS;1990.0;11
195700;;;RAINFOREST_RESIN;SEASHELLS;10002.0;1
196100;;;KELP;SEASHELLS;2002.0;1
196100;;;SQUID_INK;SEASHELLS;1987.0;1
196400;;;KELP;SEASHELLS;2002.0;1
196400;;;SQUID_INK;SEASHELLS;1989.0;1
196600;;;RAINFOREST_RESIN;SEASHELLS;9998.0;1
196600;;;SQUID_INK;SEASHELLS;1992.0;1
196700;;;KELP;SEASHELLS;2003.0;2
196700;;;KELP;SEASHELLS;2003.0;2
196700;;;RAINFOREST_RESIN;SEASHELLS;9998.0;2
196700;;;SQUID_INK;SEASHELLS;1990.0;2
196700;;;SQUID_INK;SEASHELLS;1990.0;2
196800;;;KELP;SEASHELLS;2003.0;5
196800;;;RAINFOREST_RESIN;SEASHELLS;9998.0;4
196800;;;SQUID_INK;SEASHELLS;1989.0;5
197100;;;RAINFOREST_RESIN;SEASHELLS;9998.0;4
197200;;;RAINFOREST_RESIN;SEASHELLS;10002.0;1
197300;;;KELP;SEASHELLS;2004.0;1
197300;;;RAINFOREST_RESIN;SEASHELLS;10004.0;2
197300;;;SQUID_INK;SEASHELLS;1989.0;1
197400;;;RAINFOREST_RESIN;SEASHELLS;9998.0;4
197600;;;RAINFOREST_RESIN;SEASHELLS;9998.0;1
197900;;;RAINFOREST_RESIN;SEASHELLS;9998.0;5
198000;;;KELP;SEASHELLS;2005.0;1
198000;;;RAINFOREST_RESIN;SEASHELLS;10004.0;1
198000;;;SQUID_INK;SEASHELLS;1987.0;1
198100;;;KELP;SEASHELLS;2005.0;1
198100;;;SQUID_INK;SEASHELLS;1987.0;1
198400;;;KELP;SEASHELLS;2003.0;1
198400;;;SQUID_INK;SEASHELLS;1985.0;1
198500;;;KELP;SEASHELLS;2003.0;11
198500;;;SQUID_INK;SEASHELLS;1984.0;11
198700;;;RAINFOREST_RESIN;SEASHELLS;9998.0;5
198900;;;KELP;SEASHELLS;2005.0;1
198900;;;SQUID_INK;SEASHELLS;1987.0;1
199000;;;KELP;SEASHELLS;2003.0;1
199000;;;RAINFOREST_RESIN;SEASHELLS;9996.0;1
199000;;;SQUID_INK;SEASHELLS;1985.0;1
199400;;;KELP;SEASHELLS;2006.0;2
199400;;;RAINFOREST_RESIN;SEASHELLS;10002.0;2
199400;;;SQUID_INK;SEASHELLS;1988.0;2
199500;;;KELP;SEASHELLS;2004.0;5
199500;;;SQUID_INK;SEASHELLS;1986.0;5
199900;;;KELP;SEASHELLS;2003.0;1
199900;;;SQUID_INK;SEASHELLS;1984.0;1
200100;;;RAINFOREST_RESIN;SEASHELLS;9996.0;1
200200;;;KELP;SEASHELLS;2004.0;3
200200;;;SQUID_INK;SEASHELLS;1985.0;3
200300;;;KELP;SEASHELLS;2003.0;1
200300;;;KELP;SEASHELLS;2003.0;1
200300;;;RAINFOREST_RESIN;SEASHELLS;9996.0;1
200300;;;RAINFOREST_RESIN;SEASHELLS;9996.0;1
200300;;;SQUID_INK;SEASHELLS;1983.0;2
200400;;;RAINFOREST_RESIN;SEASHELLS;10004.0;1
200400;;;RAINFOREST_RESIN;SEASHELLS;10004.0;7
200500;;;KELP;SEASHELLS;2006.0;2
200500;;;RAINFOREST_RESIN;SEASHELLS;10004.0;2
200500;;;SQUID_INK;SEASHELLS;1986.0;2
200600;;;KELP;SEASHELLS;2003.0;2
200600;;;RAINFOREST_RESIN;SEASHELLS;10002.0;1
200600;;;RAINFOREST_RESIN;SEASHELLS;10002.0;2
200600;;;SQUID_INK;SEASHELLS;1983.0;2
201700;;;RAINFOREST_RESIN;SEASHELLS;9996.0;2
201700;;;RAINFOREST_RESIN;SEASHELLS;9996.0;1
201700;;;RAINFOREST_RESIN;SEASHELLS;9998.0;1
201900;;;RAINFOREST_RESIN;SEASHELLS;9998.0;1
202300;;;KELP;SEASHELLS;2006.0;8
202300;;;SQUID_INK;SEASHELLS;1987.0;2
202400;;;KELP;SEASHELLS;2003.0;1
202400;;;SQUID_INK;SEASHELLS;1985.0;1
202800;;;RAINFOREST_RESIN;SEASHELLS;9998.0;1
202900;;;KELP;SEASHELLS;2003.0;1
202900;;;RAINFOREST_RESIN;SEASHELLS;9996.0;1
202900;;;SQUID_INK;SEASHELLS;1983.0;2
203600;;;KELP;SEASHELLS;2003.0;2
203600;;;SQUID_INK;SEASHELLS;1986.0;2
203800;;;RAINFOREST_RESIN;SEASHELLS;9998.0;1
203900;;;KELP;SEASHELLS;2006.0;2
203900;;;RAINFOREST_RESIN;SEASHELLS;9998.0;2
203900;;;SQUID_INK;SEASHELLS;1990.0;2
204200;;;KELP;SEASHELLS;2003.0;4
204200;;;KELP;SEASHELLS;2006.0;11
204200;;;RAINFOREST_RESIN;SEASHELLS;10002.0;1
204200;;;SQUID_INK;SEASHELLS;1983.0;4
204200;;;SQUID_INK;SEASHELLS;1986.0;11
204200;;;SQUID_INK;SEASHELLS;1985.0;4
204400;;;RAINFOREST_RESIN;SEASHELLS;10002.0;1
204600;;;RAINFOREST_RESIN;SEASHELLS;10000.0;3
204800;;;RAINFOREST_RESIN;SEASHELLS;9998.0;4
204800;;;RAINFOREST_RESIN;SEASHELLS;9998.0;1
204800;;;RAINFOREST_RESIN;SEASHELLS;10002.0;6
205200;;;KELP;SEASHELLS;2002.0;2
205200;;;RAINFOREST_RESIN;SEASHELLS;9996.0;2
205200;;;SQUID_INK;SEASHELLS;1975.0;2
205300;;;KELP;SEASHELLS;2005.0;1
205300;;;RAINFOREST_RESIN;SEASHELLS;10004.0;1
205300;;;SQUID_INK;SEASHELLS;1978.0;1
205600;;;RAINFOREST_RESIN;SEASHELLS;9995.0;8
205900;;;RAINFOREST_RESIN;SEASHELLS;9998.0;1
206200;;;RAINFOREST_RESIN;SEASHELLS;9998.0;1
206300;;;KELP;SEASHELLS;2002.0;1
206300;;;SQUID_INK;SEASHELLS;1970.0;5
206300;;;SQUID_INK;SEASHELLS;1970.0;1
206400;;;KELP;SEASHELLS;2002.0;1
206400;;;RAINFOREST_RESIN;SEASHELLS;9995.0;1
206400;;;SQUID_INK;SEASHELLS;1972.0;1
206600;;;KELP;SEASHELLS;2003.0;3
206600;;;SQUID_INK;SEASHELLS;1971.0;3
206600;;;SQUID_INK;SEASHELLS;1971.0;1
206700;;;KELP;SEASHELLS;2003.0;5
206700;;;SQUID_INK;SEASHELLS;1972.0;5
207100;;;KELP;SEASHELLS;2006.0;2
207100;;;RAINFOREST_RESIN;SEASHELLS;10005.0;2
207100;;;SQUID_INK;SEASHELLS;1975.0;2
207200;;;SQUID_INK;SEASHELLS;1970.0;1
207300;;;KELP;SEASHELLS;2003.0;1
207300;;;SQUID_INK;SEASHELLS;1969.0;1
207700;;;KELP;SEASHELLS;2005.0;1
207700;;;SQUID_INK;SEASHELLS;1972.0;1
207800;;;RAINFOREST_RESIN;SEASHELLS;9998.0;4
208000;;;KELP;SEASHELLS;2003.0;1
208000;;;SQUID_INK;SEASHELLS;1964.0;1
208100;;;KELP;SEASHELLS;2006.0;14
208100;;;SQUID_INK;SEASHELLS;1966.0;14
208200;;;KELP;SEASHELLS;2005.0;1
208200;;;SQUID_INK;SEASHELLS;1963.0;1
208400;;;KELP;SEASHELLS;2003.0;1
208400;;;SQUID_INK;SEASHELLS;1959.0;1
208500;;;RAINFOREST_RESIN;SEASHELLS;9998.0;1
209000;;;RAINFOREST_RESIN;SEASHELLS;9998.0;4
209300;;;KELP;SEASHELLS;2003.0;1
209300;;;RAINFOREST_RESIN;SEASHELLS;9995.0;1
209300;;;SQUID_INK;SEASHELLS;1955.0;1
209600;;;KELP;SEASHELLS;2003.0;1
209600;;;SQUID_INK;SEASHELLS;1956.0;1
209700;;;KELP;SEASHELLS;2004.0;5
209700;;;SQUID_INK;SEASHELLS;1952.0;5
209800;;;SQUID_INK;SEASHELLS;1953.0;1
209900;;;KELP;SEASHELLS;2003.0;2
209900;;;RAINFOREST_RESIN;SEASHELLS;9996.0;2
209900;;;SQUID_INK;SEASHELLS;1953.0;2
210000;;;KELP;SEASHELLS;2004.0;3
210000;;;RAINFOREST_RESIN;SEASHELLS;9995.0;4
210000;;;RAINFOREST_RESIN;SEASHELLS;9998.0;1
210000;;;SQUID_INK;SEASHELLS;1954.0;3
210200;;;KELP;SEASHELLS;2006.0;11
210200;;;SQUID_INK;SEASHELLS;1957.0;11
210400;;;RAINFOREST_RESIN;SEASHELLS;10002.0;1
210400;;;SQUID_INK;SEASHELLS;1955.0;15
210900;;;KELP;SEASHELLS;2003.0;1
210900;;;SQUID_INK;SEASHELLS;1956.0;1
211300;;;KELP;SEASHELLS;2005.0;1
211300;;;SQUID_INK;SEASHELLS;1956.0;1
211400;;;KELP;SEASHELLS;2003.0;1
211400;;;SQUID_INK;SEASHELLS;1954.0;1
212500;;;KELP;SEASHELLS;2006.0;1
212500;;;SQUID_INK;SEASHELLS;1963.0;1
212700;;;KELP;SEASHELLS;2004.0;1
212700;;;RAINFOREST_RESIN;SEASHELLS;9996.0;2
212700;;;SQUID_INK;SEASHELLS;1962.0;1
212800;;;RAINFOREST_RESIN;SEASHELLS;10002.0;3
212900;;;RAINFOREST_RESIN;SEASHELLS;9998.0;5
213100;;;RAINFOREST_RESIN;SEASHELLS;9998.0;1
213100;;;RAINFOREST_RESIN;SEASHELLS;9998.0;3
213400;;;RAINFOREST_RESIN;SEASHELLS;9998.0;2
214400;;;RAINFOREST_RESIN;SEASHELLS;10004.0;2
214600;;;RAINFOREST_RESIN;SEASHELLS;9998.0;1
214700;;;KELP;SEASHELLS;2003.0;1
214700;;;SQUID_INK;SEASHELLS;1963.0;1
214800;;;SQUID_INK;SEASHELLS;1963.0;3
214900;;;SQUID_INK;SEASHELLS;1962.0;1
215100;;;KELP;SEASHELLS;2007.0;2
215100;;;RAINFOREST_RESIN;SEASHELLS;10005.0;2
215100;;;SQUID_INK;SEASHELLS;1966.0;2
215200;;;RAINFOREST_RESIN;SEASHELLS;10002.0;1
215400;;;SQUID_INK;SEASHELLS;1964.0;3
216400;;;KELP;SEASHELLS;2006.0;6
216400;;;SQUID_INK;SEASHELLS;1962.0;6
216500;;;KELP;SEASHELLS;2006.0;1
216500;;;RAINFOREST_RESIN;SEASHELLS;10002.0;1
216500;;;SQUID_INK;SEASHELLS;1961.0;1
216700;;;KELP;SEASHELLS;2005.0;1
216700;;;KELP;SEASHELLS;2005.0;8
216700;;;SQUID_INK;SEASHELLS;1961.0;8
217100;;;KELP;SEASHELLS;2006.0;1
217100;;;KELP;SEASHELLS;2006.0;2
217100;;;RAINFOREST_RESIN;SEASHELLS;10004.0;1
217100;;;SQUID_INK;SEASHELLS;1963.0;1
217100;;;SQUID_INK;SEASHELLS;1963.0;2
217500;;;RAINFOREST_RESIN;SEASHELLS;10002.0;1
217600;;;SQUID_INK;SEASHELLS;1962.0;2
217900;;;KELP;SEASHELLS;2006.0;1
217900;;;RAINFOREST_RESIN;SEASHELLS;9996.0;1
217900;;;SQUID_INK;SEASHELLS;1962.0;1
218100;;;RAINFOREST_RESIN;SEASHELLS;9998.0;1
218400;;;KELP;SEASHELLS;2008.0;1
218400;;;RAINFOREST_RESIN;SEASHELLS;10005.0;1
218400;;;SQUID_INK;SEASHELLS;1963.0;1
219500;;;KELP;SEASHELLS;2007.0;1
219500;;;SQUID_INK;SEASHELLS;1959.0;1
219900;;;SQUID_INK;SEASHELLS;1960.0;1
220100;;;KELP;SEASHELLS;2007.0;1
220100;;;RAINFOREST_RESIN;SEASHELLS;9996.0;1
220100;;;SQUID_INK;SEASHELLS;1960.0;1
220300;;;KELP;SEASHELLS;2005.0;2
220300;;;RAINFOREST_RESIN;SEASHELLS;10002.0;1
220300;;;SQUID_INK;SEASHELLS;1959.0;2
220800;;;KELP;SEASHELLS;2006.0;1
220800;;;SQUID_INK;SEASHELLS;1959.0;1
221500;;;SQUID_INK;SEASHELLS;1963.0;1
221700;;;KELP;SEASHELLS;2006.0;1
221700;;;SQUID_INK;SEASHELLS;1963.0;1
221800;;;KELP;SEASHELLS;2005.0;12
221800;;;SQUID_INK;SEASHELLS;1962.0;12
222500;;;KELP;SEASHELLS;2008.0;2
222500;;;RAINFOREST_RESIN;SEASHELLS;9998.0;1
222500;;;SQUID_INK;SEASHELLS;1962.0;2
222600;;;RAINFOREST_RESIN;SEASHELLS;10002.0;1
222700;;;KELP;SEASHELLS;2007.0;4
222900;;;RAINFOREST_RESIN;SEASHELLS;10005.0;8
223200;;;KELP;SEASHELLS;2005.0;1
223200;;;RAINFOREST_RESIN;SEASHELLS;10002.0;1
223200;;;SQUID_INK;SEASHELLS;1962.0;1
223400;;;KELP;SEASHELLS;2007.0;1
223400;;;SQUID_INK;SEASHELLS;1964.0;1
223900;;;KELP;SEASHELLS;2008.0;15
223900;;;RAINFOREST_RESIN;SEASHELLS;10002.0;3
223900;;;SQUID_INK;SEASHELLS;1964.0;1
223900;;;SQUID_INK;SEASHELLS;1964.0;14
224300;;;KELP;SEASHELLS;2008.0;2
224300;;;RAINFOREST_RESIN;SEASHELLS;10004.0;2
224300;;;SQUID_INK;SEASHELLS;1965.0;2
224500;;;KELP;SEASHELLS;2008.0;1
224500;;;RAINFOREST_RESIN;SEASHELLS;10004.0;1
224500;;;SQUID_INK;SEASHELLS;1967.0;1
224600;;;KELP;SEASHELLS;2004.0;1
224600;;;SQUID_INK;SEASHELLS;1964.0;1
224800;;;RAINFOREST_RESIN;SEASHELLS;10005.0;7
224900;;;KELP;SEASHELLS;2005.0;1
224900;;;SQUID_INK;SEASHELLS;1962.0;1
225500;;;KELP;SEASHELLS;2005.0;3
225500;;;SQUID_INK;SEASHELLS;1964.0;3
225800;;;KELP;SEASHELLS;2004.0;1
225800;;;SQUID_INK;SEASHELLS;1965.0;1
226000;;;KELP;SEASHELLS;2005.0;2
226000;;;RAINFOREST_RESIN;SEASHELLS;9995.0;2
226000;;;SQUID_INK;SEASHELLS;1965.0;2
226100;;;KELP;SEASHELLS;2008.0;1
226100;;;RAINFOREST_RESIN;SEASHELLS;10005.0;1
226100;;;SQUID_INK;SEASHELLS;1969.0;1
226300;;;KELP;SEASHELLS;2006.0;5
226300;;;RAINFOREST_RESIN;SEASHELLS;10002.0;1
226300;;;SQUID_INK;SEASHELLS;1968.0;5
226300;;;SQUID_INK;SEASHELLS;1968.0;5
226500;;;RAINFOREST_RESIN;SEASHELLS;10002.0;1
226700;;;KELP;SEASHELLS;2005.0;1
226700;;;SQUID_INK;SEASHELLS;1967.0;1
226800;;;KELP;SEASHELLS;2007.0;1
226800;;;KELP;SEASHELLS;2006.0;4
226800;;;SQUID_INK;SEASHELLS;1968.0;1
226800;;;SQUID_INK;SEASHELLS;1967.0;4
226900;;;KELP;SEASHELLS;2005.0;2
227400;;;RAINFOREST_RESIN;SEASHELLS;9998.0;5
227500;;;KELP;SEASHELLS;2005.0;1
227500;;;SQUID_INK;SEASHELLS;1966.0;1
227600;;;KELP;SEASHELLS;2007.0;1
227600;;;RAINFOREST_RESIN;SEASHELLS;9998.0;1
227600;;;RAINFOREST_RESIN;SEASHELLS;9998.0;3
227600;;;RAINFOREST_RESIN;SEASHELLS;9998.0;3
227600;;;SQUID_INK;SEASHELLS;1968.0;1
227700;;;KELP;SEASHELLS;2008.0;1
227700;;;RAINFOREST_RESIN;SEASHELLS;9998.0;4
227700;;;RAINFOREST_RESIN;SEASHELLS;10004.0;1
227700;;;SQUID_INK;SEASHELLS;1968.0;1
227800;;;KELP;SEASHELLS;2004.0;1
227800;;;SQUID_INK;SEASHELLS;1965.0;1
227900;;;KELP;SEASHELLS;2007.0;1
227900;;;SQUID_INK;SEASHELLS;1967.0;1
228300;;;RAINFOREST_RESIN;SEASHELLS;9998.0;4
228700;;;RAINFOREST_RESIN;SEASHELLS;9998.0;1
229200;;;RAINFOREST_RESIN;SEASHELLS;10005.0;8
229600;;;RAINFOREST_RESIN;SEASHELLS;10002.0;4
230000;;;RAINFOREST_RESIN;SEASHELLS;10002.0;1
230400;;;KELP;SEASHELLS;2006.0;1
230400;;;SQUID_INK;SEASHELLS;1958.0;1
230600;;;KELP;SEASHELLS;2008.0;1
230600;;;KELP;SEASHELLS;2007.0;4
230600;;;KELP;SEASHELLS;2006.0;2
230600;;;RAINFOREST_RESIN;SEASHELLS;9996.0;2
230600;;;SQUID_INK;SEASHELLS;1960.0;1
230600;;;SQUID_INK;SEASHELLS;1959.0;4
230600;;;SQUID_INK;SEASHELLS;1958.0;2
232500;;;KELP;SEASHELLS;2005.0;1
232500;;;SQUID_INK;SEASHELLS;1965.0;1
232700;;;KELP;SEASHELLS;2005.0;1
232700;;;RAINFOREST_RESIN;SEASHELLS;9998.0;2
232700;;;SQUID_INK;SEASHELLS;1966.0;1
233000;;;RAINFOREST_RESIN;SEASHELLS;9998.0;4
233100;;;KELP;SEASHELLS;2008.0;1
233100;;;RAINFOREST_RESIN;SEASHELLS;10002.0;1
233100;;;SQUID_INK;SEASHELLS;1971.0;1
233200;;;RAINFOREST_RESIN;SEASHELLS;9998.0;1
233500;;;RAINFOREST_RESIN;SEASHELLS;10002.0;1
233900;;;KELP;SEASHELLS;2005.0;4
233900;;;SQUID_INK;SEASHELLS;1969.0;4
234500;;;KELP;SEASHELLS;2005.0;1
234500;;;RAINFOREST_RESIN;SEASHELLS;9998.0;1
234500;;;SQUID_INK;SEASHELLS;1965.0;1
234800;;;RAINFOREST_RESIN;SEASHELLS;9998.0;1
235400;;;KELP;SEASHELLS;2008.0;1
235400;;;RAINFOREST_RESIN;SEASHELLS;9998.0;1
235400;;;SQUID_INK;SEASHELLS;1971.0;1
235700;;;RAINFOREST_RESIN;SEASHELLS;10002.0;1
235800;;;KELP;SEASHELLS;2006.0;3
236100;;;RAINFOREST_RESIN;SEASHELLS;9995.0;12
236100;;;RAINFOREST_RESIN;SEASHELLS;9995.0;5
236100;;;RAINFOREST_RESIN;SEASHELLS;9998.0;1
236400;;;KELP;SEASHELLS;2006.0;2
236400;;;RAINFOREST_RESIN;SEASHELLS;9996.0;2
236400;;;RAINFOREST_RESIN;SEASHELLS;9998.0;1
236400;;;SQUID_INK;SEASHELLS;1969.0;2
236500;;;KELP;SEASHELLS;2007.0;1
236500;;;KELP;SEASHELLS;2010.0;13
236500;;;RAINFOREST_RESIN;SEASHELLS;9995.0;2
236500;;;SQUID_INK;SEASHELLS;1969.0;1
236500;;;SQUID_INK;SEASHELLS;1972.0;13
236600;;;RAINFOREST_RESIN;SEASHELLS;10000.0;3
236700;;;KELP;SEASHELLS;2007.0;1
236700;;;SQUID_INK;SEASHELLS;1970.0;1
236900;;;SQUID_INK;SEASHELLS;1972.0;4
237000;;;KELP;SEASHELLS;2010.0;1
237000;;;RAINFOREST_RESIN;SEASHELLS;10004.0;1
237000;;;RAINFOREST_RESIN;SEASHELLS;10005.0;1
237000;;;SQUID_INK;SEASHELLS;1974.0;1
237100;;;RAINFOREST_RESIN;SEASHELLS;9995.0;4
237100;;;RAINFOREST_RESIN;SEASHELLS;9998.0;1
237700;;;KELP;SEASHELLS;2007.0;1
237700;;;SQUID_INK;SEASHELLS;1972.0;1
237900;;;KELP;SEASHELLS;2010.0;1
237900;;;RAINFOREST_RESIN;SEASHELLS;10004.0;1
237900;;;SQUID_INK;SEASHELLS;1977.0;1
238000;;;KELP;SEASHELLS;2010.0;1
238000;;;RAINFOREST_RESIN;SEASHELLS;10004.0;1
238000;;;SQUID_INK;SEASHELLS;1977.0;1
238300;;;KELP;SEASHELLS;2010.0;13
238300;;;SQUID_INK;SEASHELLS;1976.0;13
238700;;;KELP;SEASHELLS;2006.0;2
238700;;;RAINFOREST_RESIN;SEASHELLS;10002.0;1
238700;;;SQUID_INK;SEASHELLS;1974.0;2
239100;;;KELP;SEASHELLS;2006.0;1
239100;;;SQUID_INK;SEASHELLS;1975.0;1
239200;;;KELP;SEASHELLS;2008.0;1
239300;;;KELP;SEASHELLS;2008.0;5
239300;;;SQUID_INK;SEASHELLS;1977.0;5
239400;;;RAINFOREST_RESIN;SEASHELLS;10002.0;1
239800;;;RAINFOREST_RESIN;SEASHELLS;9998.0;1
240100;;;RAINFOREST_RESIN;SEASHELLS;9998.0;1
240700;;;RAINFOREST_RESIN;SEASHELLS;9998.0;1
241000;;;KELP;SEASHELLS;2005.0;1
241000;;;SQUID_INK;SEASHELLS;1976.0;1
241200;;;KELP;SEASHELLS;2005.0;1
241200;;;RAINFOREST_RESIN;SEASHELLS;9998.0;3
241200;;;SQUID_INK;SEASHELLS;1976.0;1
241300;;;RAINFOREST_RESIN;SEASHELLS;9998.0;8
241300;;;RAINFOREST_RESIN;SEASHELLS;9998.0;4
241400;;;RAINFOREST_RESIN;SEASHELLS;9996.0;1
241400;;;RAINFOREST_RESIN;SEASHELLS;9996.0;9
241500;;;KELP;SEASHELLS;2005.0;1
241500;;;SQUID_INK;SEASHELLS;1977.0;1
241600;;;KELP;SEASHELLS;2006.0;2
241600;;;SQUID_INK;SEASHELLS;1978.0;2
241700;;;KELP;SEASHELLS;2008.0;2
241700;;;RAINFOREST_RESIN;SEASHELLS;10002.0;2
241700;;;SQUID_INK;SEASHELLS;1980.0;2
241800;;;RAINFOREST_RESIN;SEASHELLS;10002.0;1
242200;;;RAINFOREST_RESIN;SEASHELLS;9998.0;1
242300;;;RAINFOREST_RESIN;SEASHELLS;10002.0;1
242400;;;KELP;SEASHELLS;2005.0;11
242400;;;SQUID_INK;SEASHELLS;1978.0;11
242600;;;KELP;SEASHELLS;2007.0;1
242600;;;SQUID_INK;SEASHELLS;1981.0;1
242800;;;RAINFOREST_RESIN;SEASHELLS;10005.0;8
242900;;;KELP;SEASHELLS;2007.0;1
242900;;;SQUID_INK;SEASHELLS;1980.0;1
243100;;;KELP;SEASHELLS;2005.0;1
243100;;;SQUID_INK;SEASHELLS;1978.0;1
243200;;;KELP;SEASHELLS;2005.0;3
243200;;;RAINFOREST_RESIN;SEASHELLS;10005.0;4
243200;;;SQUID_INK;SEASHELLS;1978.0;3
243300;;;RAINFOREST_RESIN;SEASHELLS;9998.0;3
243400;;;KELP;SEASHELLS;2007.0;1
243400;;;RAINFOREST_RESIN;SEASHELLS;9996.0;1
243400;;;SQUID_INK;SEASHELLS;1981.0;1
243600;;;KELP;SEASHELLS;2005.0;1
243600;;;KELP;SEASHELLS;2008.0;10
243600;;;SQUID_INK;SEASHELLS;1978.0;1
243600;;;SQUID_INK;SEASHELLS;1982.0;10
243700;;;KELP;SEASHELLS;2004.0;2
243700;;;RAINFOREST_RESIN;SEASHELLS;9996.0;1
243700;;;SQUID_INK;SEASHELLS;1979.0;2
244100;;;RAINFOREST_RESIN;SEASHELLS;9998.0;1
244300;;;KELP;SEASHELLS;2004.0;8
244300;;;SQUID_INK;SEASHELLS;1982.0;8
244400;;;RAINFOREST_RESIN;SEASHELLS;9998.0;1
244700;;;KELP;SEASHELLS;2006.0;1
244900;;;RAINFOREST_RESIN;SEASHELLS;10002.0;1
245000;;;RAINFOREST_RESIN;SEASHELLS;10002.0;8
245200;;;KELP;SEASHELLS;2005.0;1
245200;;;SQUID_INK;SEASHELLS;1980.0;1
245300;;;KELP;SEASHELLS;2005.0;12
245300;;;SQUID_INK;SEASHELLS;1981.0;12
246100;;;RAINFOREST_RESIN;SEASHELLS;10002.0;3
246200;;;RAINFOREST_RESIN;SEASHELLS;10002.0;3
246700;;;KELP;SEASHELLS;2005.0;3
246700;;;KELP;SEASHELLS;2005.0;1
246700;;;SQUID_INK;SEASHELLS;1979.0;3
246700;;;SQUID_INK;SEASHELLS;1979.0;1
247100;;;RAINFOREST_RESIN;SEASHELLS;9998.0;1
247300;;;KELP;SEASHELLS;2005.0;1
247300;;;SQUID_INK;SEASHELLS;1979.0;1
247400;;;KELP;SEASHELLS;2007.0;1
247400;;;SQUID_INK;SEASHELLS;1981.0;1
247600;;;KELP;SEASHELLS;2005.0;1
247600;;;RAINFOREST_RESIN;SEASHELLS;9998.0;2
247600;;;RAINFOREST_RESIN;SEASHELLS;9998.0;1
247600;;;RAINFOREST_RESIN;SEASHELLS;9998.0;4
247600;;;SQUID_INK;SEASHELLS;1979.0;1
247700;;;KELP;SEASHELLS;2005.0;2
247700;;;RAINFOREST_RESIN;SEASHELLS;9998.0;6
247700;;;RAINFOREST_RESIN;SEASHELLS;9996.0;2
247700;;;SQUID_INK;SEASHELLS;1983.0;2
247900;;;RAINFOREST_RESIN;SEASHELLS;9996.0;1
247900;;;RAINFOREST_RESIN;SEASHELLS;9996.0;9
248400;;;KELP;SEASHELLS;2005.0;1
248400;;;RAINFOREST_RESIN;SEASHELLS;9996.0;1
248400;;;SQUID_INK;SEASHELLS;1982.0;1
248500;;;SQUID_INK;SEASHELLS;1982.0;2
248700;;;KELP;SEASHELLS;2005.0;10
248700;;;RAINFOREST_RESIN;SEASHELLS;9998.0;1
248700;;;SQUID_INK;SEASHELLS;1983.0;10
249000;;;RAINFOREST_RESIN;SEASHELLS;10002.0;1
249300;;;RAINFOREST_RESIN;SEASHELLS;9998.0;1
249400;;;KELP;SEASHELLS;2005.0;1
249400;;;RAINFOREST_RESIN;SEASHELLS;9998.0;1
249400;;;SQUID_INK;SEASHELLS;1982.0;1
249800;;;RAINFOREST_RESIN;SEASHELLS;10002.0;1
249900;;;KELP;SEASHELLS;2007.0;1
249900;;;RAINFOREST_RESIN;SEASHELLS;10002.0;1
249900;;;SQUID_INK;SEASHELLS;1984.0;1
250500;;;KELP;SEASHELLS;2008.0;2
250500;;;RAINFOREST_RESIN;SEASHELLS;10005.0;2
250500;;;RAINFOREST_RESIN;SEASHELLS;10002.0;1
250500;;;SQUID_INK;SEASHELLS;1987.0;2
250600;;;KELP;SEASHELLS;2007.0;1
250600;;;SQUID_INK;SEASHELLS;1985.0;1
250700;;;RAINFOREST_RESIN;SEASHELLS;9998.0;3
251100;;;RAINFOREST_RESIN;SEASHELLS;10002.0;5
251300;;;KELP;SEASHELLS;2005.0;1
251300;;;SQUID_INK;SEASHELLS;1983.0;1
251700;;;RAINFOREST_RESIN;SEASHELLS;9996.0;2
251700;;;RAINFOREST_RESIN;SEASHELLS;9996.0;2
251700;;;RAINFOREST_RESIN;SEASHELLS;9998.0;1
251900;;;KELP;SEASHELLS;2005.0;15
251900;;;KELP;SEASHELLS;2006.0;8
251900;;;SQUID_INK;SEASHELLS;1982.0;15
251900;;;SQUID_INK;SEASHELLS;1983.0;8
252100;;;KELP;SEASHELLS;2006.0;2
252300;;;RAINFOREST_RESIN;SEASHELLS;10002.0;5
252400;;;KELP;SEASHELLS;2006.0;2
252400;;;SQUID_INK;SEASHELLS;1981.0;2
252800;;;KELP;SEASHELLS;2005.0;2
252800;;;RAINFOREST_RESIN;SEASHELLS;9996.0;2
252800;;;SQUID_INK;SEASHELLS;1981.0;2
253500;;;KELP;SEASHELLS;2005.0;1
253500;;;KELP;SEASHELLS;2005.0;1
253500;;;RAINFOREST_RESIN;SEASHELLS;9996.0;1
253500;;;SQUID_INK;SEASHELLS;1981.0;1
253500;;;SQUID_INK;SEASHELLS;1981.0;1
253700;;;KELP;SEASHELLS;2005.0;1
253800;;;RAINFOREST_RESIN;SEASHELLS;10002.0;1
254000;;;KELP;SEASHELLS;2008.0;2
254000;;;RAINFOREST_RESIN;SEASHELLS;10005.0;2
254000;;;SQUID_INK;SEASHELLS;1983.0;2
254400;;;KELP;SEASHELLS;2006.0;3
254400;;;SQUID_INK;SEASHELLS;1982.0;3
254700;;;KELP;SEASHELLS;2009.0;1
254700;;;RAINFOREST_RESIN;SEASHELLS;10004.0;1
254700;;;SQUID_INK;SEASHELLS;1982.0;1
254800;;;RAINFOREST_RESIN;SEASHELLS;10002.0;1
255000;;;KELP;SEASHELLS;2005.0;1
255000;;;SQUID_INK;SEASHELLS;1977.0;1
255100;;;KELP;SEASHELLS;2005.0;2
255100;;;RAINFOREST_RESIN;SEASHELLS;9996.0;1
255100;;;SQUID_INK;SEASHELLS;1977.0;2
255400;;;KELP;SEASHELLS;2006.0;1
255400;;;SQUID_INK;SEASHELLS;1979.0;1
256000;;;KELP;SEASHELLS;2008.0;1
256000;;;SQUID_INK;SEASHELLS;1982.0;1
256100;;;SQUID_INK;SEASHELLS;1984.0;4
256500;;;KELP;SEASHELLS;2009.0;6
256500;;;SQUID_INK;SEASHELLS;1985.0;6
256700;;;KELP;SEASHELLS;2008.0;7
256700;;;SQUID_INK;SEASHELLS;1982.0;7
256900;;;KELP;SEASHELLS;2008.0;1
256900;;;SQUID_INK;SEASHELLS;1982.0;1
257000;;;RAINFOREST_RESIN;SEASHELLS;10002.0;1
257100;;;KELP;SEASHELLS;2008.0;1
257100;;;SQUID_INK;SEASHELLS;1982.0;1
257600;;;KELP;SEASHELLS;2006.0;1
257600;;;RAINFOREST_RESIN;SEASHELLS;9996.0;1
257600;;;SQUID_INK;SEASHELLS;1980.0;1
258000;;;RAINFOREST_RESIN;SEASHELLS;9998.0;1
258200;;;KELP;SEASHELLS;2005.0;2
258200;;;RAINFOREST_RESIN;SEASHELLS;9995.0;2
258200;;;SQUID_INK;SEASHELLS;1978.0;2
258400;;;KELP;SEASHELLS;2005.0;1
258400;;;RAINFOREST_RESIN;SEASHELLS;10005.0;5
258400;;;SQUID_INK;SEASHELLS;1979.0;1
259300;;;KELP;SEASHELLS;2005.0;1
259300;;;RAINFOREST_RESIN;SEASHELLS;9998.0;1
259300;;;SQUID_INK;SEASHELLS;1978.0;1
259500;;;KELP;SEASHELLS;2007.0;1
259500;;;SQUID_INK;SEASHELLS;1980.0;1
259800;;;SQUID_INK;SEASHELLS;1978.0;9
260000;;;RAINFOREST_RESIN;SEASHELLS;10002.0;1
260200;;;KELP;SEASHELLS;2005.0;1
260200;;;RAINFOREST_RESIN;SEASHELLS;9995.0;1
260200;;;SQUID_INK;SEASHELLS;1979.0;1
260300;;;KELP;SEASHELLS;2006.0;1
260300;;;RAINFOREST_RESIN;SEASHELLS;10002.0;1
260300;;;SQUID_INK;SEASHELLS;1979.0;1
260600;;;KELP;SEASHELLS;2005.0;1
260600;;;RAINFOREST_RESIN;SEASHELLS;10004.0;1
260600;;;SQUID_INK;SEASHELLS;1980.0;1
261000;;;KELP;SEASHELLS;2007.0;1
261000;;;SQUID_INK;SEASHELLS;1983.0;1
261200;;;RAINFOREST_RESIN;SEASHELLS;10002.0;1
261300;;;RAINFOREST_RESIN;SEASHELLS;10002.0;1
261500;;;KELP;SEASHELLS;2006.0;1
261500;;;RAINFOREST_RESIN;SEASHELLS;9998.0;1
261500;;;SQUID_INK;SEASHELLS;1981.0;1
261600;;;RAINFOREST_RESIN;SEASHELLS;10002.0;1
261700;;;KELP;SEASHELLS;2007.0;6
261700;;;SQUID_INK;SEASHELLS;1984.0;6
261800;;;KELP;SEASHELLS;2007.0;1
261800;;;SQUID_INK;SEASHELLS;1984.0;1
261900;;;SQUID_INK;SEASHELLS;1982.0;1
262200;;;KELP;SEASHELLS;2009.0;2
262200;;;RAINFOREST_RESIN;SEASHELLS;10005.0;2
262200;;;SQUID_INK;SEASHELLS;1984.0;2
262400;;;RAINFOREST_RESIN;SEASHELLS;10002.0;1
262500;;;RAINFOREST_RESIN;SEASHELLS;9998.0;2
262800;;;KELP;SEASHELLS;2006.0;1
262800;;;KELP;SEASHELLS;2008.0;7
262800;;;SQUID_INK;SEASHELLS;1978.0;1
262800;;;SQUID_INK;SEASHELLS;1980.0;7
262900;;;KELP;SEASHELLS;2009.0;13
262900;;;KELP;SEASHELLS;2008.0;1
262900;;;SQUID_INK;SEASHELLS;1982.0;13
262900;;;SQUID_INK;SEASHELLS;1980.0;1
263500;;;KELP;SEASHELLS;2007.0;2
263700;;;KELP;SEASHELLS;2006.0;1
263800;;;RAINFOREST_RESIN;SEASHELLS;10002.0;1
264200;;;KELP;SEASHELLS;2006.0;4
264200;;;SQUID_INK;SEASHELLS;1975.0;4
264700;;;RAINFOREST_RESIN;SEASHELLS;9998.0;1
264800;;;KELP;SEASHELLS;2007.0;1
264800;;;SQUID_INK;SEASHELLS;1977.0;1
265000;;;RAINFOREST_RESIN;SEASHELLS;9998.0;1
265100;;;KELP;SEASHELLS;2006.0;1
265100;;;SQUID_INK;SEASHELLS;1974.0;1
265500;;;KELP;SEASHELLS;2006.0;4
265500;;;SQUID_INK;SEASHELLS;1975.0;4
265700;;;KELP;SEASHELLS;2008.0;2
265700;;;RAINFOREST_RESIN;SEASHELLS;10004.0;2
265700;;;SQUID_INK;SEASHELLS;1976.0;2
265900;;;KELP;SEASHELLS;2008.0;1
265900;;;RAINFOREST_RESIN;SEASHELLS;10000.0;1
265900;;;SQUID_INK;SEASHELLS;1976.0;1
266000;;;KELP;SEASHELLS;2006.0;1
266000;;;RAINFOREST_RESIN;SEASHELLS;9998.0;3
266000;;;SQUID_INK;SEASHELLS;1974.0;1
266300;;;KELP;SEASHELLS;2006.0;1
266300;;;SQUID_INK;SEASHELLS;1976.0;1
266500;;;KELP;SEASHELLS;2008.0;1
266500;;;SQUID_INK;SEASHELLS;1979.0;1
266700;;;RAINFOREST_RESIN;SEASHELLS;10002.0;1
266800;;;KELP;SEASHELLS;2009.0;1
266800;;;RAINFOREST_RESIN;SEASHELLS;10004.0;1
266800;;;SQUID_INK;SEASHELLS;1980.0;1
267000;;;KELP;SEASHELLS;2006.0;1
267000;;;KELP;SEASHELLS;2006.0;4
267000;;;KELP;SEASHELLS;2006.0;4
267000;;;RAINFOREST_RESIN;SEASHELLS;10002.0;5
267000;;;SQUID_INK;SEASHELLS;1978.0;1
267000;;;SQUID_INK;SEASHELLS;1979.0;4
267000;;;SQUID_INK;SEASHELLS;1979.0;4
267200;;;SQUID_INK;SEASHELLS;1980.0;5
267200;;;SQUID_INK;SEASHELLS;1980.0;1
267600;;;RAINFOREST_RESIN;SEASHELLS;10002.0;1
268500;;;KELP;SEASHELLS;2007.0;9
268500;;;SQUID_INK;SEASHELLS;1980.0;9
268800;;;KELP;SEASHELLS;2007.0;2
268800;;;KELP;SEASHELLS;2007.0;2
268800;;;RAINFOREST_RESIN;SEASHELLS;10004.0;2
268800;;;SQUID_INK;SEASHELLS;1982.0;4
269000;;;KELP;SEASHELLS;2006.0;2
269000;;;RAINFOREST_RESIN;SEASHELLS;9996.0;1
269000;;;RAINFOREST_RESIN;SEASHELLS;9996.0;1
269000;;;SQUID_INK;SEASHELLS;1981.0;2
269200;;;RAINFOREST_RESIN;SEASHELLS;10002.0;8
269200;;;SQUID_INK;SEASHELLS;1982.0;2
269200;;;SQUID_INK;SEASHELLS;1982.0;1
269400;;;RAINFOREST_RESIN;SEASHELLS;9995.0;5
269700;;;RAINFOREST_RESIN;SEASHELLS;9998.0;1
269800;;;KELP;SEASHELLS;2008.0;1
269800;;;RAINFOREST_RESIN;SEASHELLS;10002.0;2
269800;;;RAINFOREST_RESIN;SEASHELLS;10002.0;1
269800;;;SQUID_INK;SEASHELLS;1982.0;1
269900;;;KELP;SEASHELLS;2008.0;1
269900;;;SQUID_INK;SEASHELLS;1980.0;1
270100;;;KELP;SEASHELLS;2006.0;1
270100;;;SQUID_INK;SEASHELLS;1977.0;1
270200;;;RAINFOREST_RESIN;SEASHELLS;9998.0;1
270300;;;KELP;SEASHELLS;2006.0;1
270300;;;SQUID_INK;SEASHELLS;1976.0;1
270400;;;RAINFOREST_RESIN;SEASHELLS;10005.0;5
270600;;;KELP;SEASHELLS;2008.0;1
270600;;;SQUID_INK;SEASHELLS;1976.0;1
270700;;;KELP;SEASHELLS;2006.0;1
270700;;;SQUID_INK;SEASHELLS;1972.0;1
270900;;;KELP;SEASHELLS;2009.0;2
270900;;;RAINFOREST_RESIN;SEASHELLS;10004.0;2
270900;;;SQUID_INK;SEASHELLS;1974.0;2
271600;;;RAINFOREST_RESIN;SEASHELLS;9998.0;1
271700;;;KELP;SEASHELLS;2006.0;1
271700;;;KELP;SEASHELLS;2007.0;4
271700;;;SQUID_INK;SEASHELLS;1963.0;1
271700;;;SQUID_INK;SEASHELLS;1965.0;4
271800;;;RAINFOREST_RESIN;SEASHELLS;10004.0;2
272100;;;KELP;SEASHELLS;2008.0;1
272200;;;KELP;SEASHELLS;2006.0;1
272200;;;SQUID_INK;SEASHELLS;1959.0;1
272300;;;RAINFOREST_RESIN;SEASHELLS;10002.0;2
272700;;;RAINFOREST_RESIN;SEASHELLS;9998.0;1
272800;;;KELP;SEASHELLS;2009.0;2
272800;;;RAINFOREST_RESIN;SEASHELLS;10004.0;1
272800;;;RAINFOREST_RESIN;SEASHELLS;10005.0;2
272800;;;SQUID_INK;SEASHELLS;1959.0;2
273400;;;RAINFOREST_RESIN;SEASHELLS;9996.0;2
273400;;;RAINFOREST_RESIN;SEASHELLS;9996.0;6
274200;;;KELP;SEASHELLS;2008.0;1
274200;;;SQUID_INK;SEASHELLS;1961.0;1
274800;;;KELP;SEASHELLS;2006.0;9
274800;;;SQUID_INK;SEASHELLS;1961.0;9
275000;;;KELP;SEASHELLS;2008.0;1
275000;;;SQUID_INK;SEASHELLS;1963.0;1
275600;;;RAINFOREST_RESIN;SEASHELLS;9998.0;1
276500;;;RAINFOREST_RESIN;SEASHELLS;9998.0;1
276800;;;KELP;SEASHELLS;2007.0;4
276800;;;SQUID_INK;SEASHELLS;1967.0;4
276900;;;KELP;SEASHELLS;2007.0;4
276900;;;SQUID_INK;SEASHELLS;1967.0;4
277000;;;KELP;SEASHELLS;2005.0;1
277000;;;KELP;SEASHELLS;2005.0;2
277000;;;RAINFOREST_RESIN;SEASHELLS;9996.0;2
277000;;;SQUID_INK;SEASHELLS;1965.0;1
277000;;;SQUID_INK;SEASHELLS;1965.0;2
277800;;;KELP;SEASHELLS;2006.0;5
277800;;;SQUID_INK;SEASHELLS;1967.0;5
278000;;;KELP;SEASHELLS;2006.0;4
278100;;;KELP;SEASHELLS;2005.0;1
278200;;;KELP;SEASHELLS;2005.0;1
278200;;;RAINFOREST_RESIN;SEASHELLS;9998.0;3
278200;;;SQUID_INK;SEASHELLS;1966.0;1
278500;;;RAINFOREST_RESIN;SEASHELLS;9996.0;1
279300;;;KELP;SEASHELLS;2006.0;1
279300;;;SQUID_INK;SEASHELLS;1963.0;1
279400;;;KELP;SEASHELLS;2006.0;2
279400;;;RAINFOREST_RESIN;SEASHELLS;9996.0;2
279400;;;RAINFOREST_RESIN;SEASHELLS;9995.0;2
279400;;;SQUID_INK;SEASHELLS;1962.0;2
279900;;;KELP;SEASHELLS;2006.0;1
279900;;;RAINFOREST_RESIN;SEASHELLS;9996.0;1
279900;;;SQUID_INK;SEASHELLS;1962.0;2
280200;;;KELP;SEASHELLS;2006.0;2
280200;;;SQUID_INK;SEASHELLS;1964.0;2
280300;;;KELP;SEASHELLS;2006.0;1
280300;;;SQUID_INK;SEASHELLS;1964.0;1
280400;;;KELP;SEASHELLS;2006.0;3
280400;;;KELP;SEASHELLS;2009.0;2
280400;;;RAINFOREST_RESIN;SEASHELLS;10004.0;2
280400;;;SQUID_INK;SEASHELLS;1964.0;3
280400;;;SQUID_INK;SEASHELLS;1967.0;2
280500;;;SQUID_INK;SEASHELLS;1964.0;1
280900;;;RAINFOREST_RESIN;SEASHELLS;10000.0;2
281100;;;RAINFOREST_RESIN;SEASHELLS;10002.0;5
282200;;;KELP;SEASHELLS;2006.0;1
282200;;;SQUID_INK;SEASHELLS;1965.0;1
282400;;;RAINFOREST_RESIN;SEASHELLS;10002.0;1
282500;;;RAINFOREST_RESIN;SEASHELLS;9995.0;2
282600;;;KELP;SEASHELLS;2009.0;13
282600;;;SQUID_INK;SEASHELLS;1969.0;13
283100;;;KELP;SEASHELLS;2006.0;6
283100;;;SQUID_INK;SEASHELLS;1968.0;6
283300;;;KELP;SEASHELLS;2009.0;2
283300;;;RAINFOREST_RESIN;SEASHELLS;10004.0;1
283300;;;RAINFOREST_RESIN;SEASHELLS;10004.0;1
283300;;;SQUID_INK;SEASHELLS;1971.0;2
283500;;;SQUID_INK;SEASHELLS;1969.0;6
283600;;;RAINFOREST_RESIN;SEASHELLS;10002.0;1
283700;;;RAINFOREST_RESIN;SEASHELLS;9998.0;1
284300;;;RAINFOREST_RESIN;SEASHELLS;9998.0;1
284500;;;KELP;SEASHELLS;2005.0;2
284500;;;RAINFOREST_RESIN;SEASHELLS;9996.0;2
284500;;;SQUID_INK;SEASHELLS;1966.0;2
284700;;;KELP;SEASHELLS;2005.0;1
284700;;;SQUID_INK;SEASHELLS;1966.0;1
285100;;;KELP;SEASHELLS;2005.0;1
285100;;;RAINFOREST_RESIN;SEASHELLS;9996.0;1
285100;;;SQUID_INK;SEASHELLS;1967.0;1
285200;;;KELP;SEASHELLS;2008.0;5
285200;;;SQUID_INK;SEASHELLS;1970.0;5
285300;;;KELP;SEASHELLS;2005.0;1
285300;;;SQUID_INK;SEASHELLS;1967.0;1
285700;;;KELP;SEASHELLS;2005.0;10
285700;;;RAINFOREST_RESIN;SEASHELLS;9996.0;2
285700;;;SQUID_INK;SEASHELLS;1968.0;10
286000;;;KELP;SEASHELLS;2007.0;2
286000;;;RAINFOREST_RESIN;SEASHELLS;9998.0;1
286000;;;SQUID_INK;SEASHELLS;1972.0;2
286000;;;SQUID_INK;SEASHELLS;1972.0;4
286500;;;KELP;SEASHELLS;2008.0;10
286500;;;SQUID_INK;SEASHELLS;1972.0;10
286900;;;KELP;SEASHELLS;2006.0;2
286900;;;SQUID_INK;SEASHELLS;1968.0;2
287000;;;KELP;SEASHELLS;2007.0;1
287000;;;SQUID_INK;SEASHELLS;1969.0;1
288100;;;KELP;SEASHELLS;2005.0;1
288100;;;RAINFOREST_RESIN;SEASHELLS;10002.0;1
288100;;;RAINFOREST_RESIN;SEASHELLS;10002.0;4
288100;;;SQUID_INK;SEASHELLS;1968.0;1
288600;;;KELP;SEASHELLS;2005.0;1
288600;;;KELP;SEASHELLS;2006.0;4
288600;;;SQUID_INK;SEASHELLS;1965.0;1
288600;;;SQUID_INK;SEASHELLS;1966.0;4
288900;;;KELP;SEASHELLS;2007.0;1
288900;;;KELP;SEASHELLS;2007.0;1
288900;;;RAINFOREST_RESIN;SEASHELLS;10004.0;1
288900;;;SQUID_INK;SEASHELLS;1966.0;1
288900;;;SQUID_INK;SEASHELLS;1965.0;1
289400;;;KELP;SEASHELLS;2007.0;1
289400;;;SQUID_INK;SEASHELLS;1966.0;1
289800;;;RAINFOREST_RESIN;SEASHELLS;10004.0;2
289900;;;KELP;SEASHELLS;2007.0;3
289900;;;SQUID_INK;SEASHELLS;1965.0;3
290200;;;KELP;SEASHELLS;2005.0;1
290200;;;SQUID_INK;SEASHELLS;1960.0;1
290300;;;KELP;SEASHELLS;2008.0;1
290300;;;RAINFOREST_RESIN;SEASHELLS;9998.0;1
290300;;;SQUID_INK;SEASHELLS;1965.0;1
290800;;;KELP;SEASHELLS;2005.0;1
290800;;;SQUID_INK;SEASHELLS;1962.0;1
291400;;;KELP;SEASHELLS;2005.0;1
291400;;;RAINFOREST_RESIN;SEASHELLS;9995.0;4
291400;;;SQUID_INK;SEASHELLS;1964.0;1
291500;;;RAINFOREST_RESIN;SEASHELLS;9998.0;1
291700;;;KELP;SEASHELLS;2005.0;1
291700;;;RAINFOREST_RESIN;SEASHELLS;9998.0;1
291700;;;SQUID_INK;SEASHELLS;1965.0;1
292200;;;RAINFOREST_RESIN;SEASHELLS;10002.0;1
292300;;;KELP;SEASHELLS;2004.0;2
292300;;;RAINFOREST_RESIN;SEASHELLS;9996.0;2
292300;;;SQUID_INK;SEASHELLS;1967.0;2
292400;;;KELP;SEASHELLS;2005.0;3
292400;;;RAINFOREST_RESIN;SEASHELLS;10002.0;1
292400;;;SQUID_INK;SEASHELLS;1967.0;3
292500;;;RAINFOREST_RESIN;SEASHELLS;10002.0;2
292500;;;RAINFOREST_RESIN;SEASHELLS;10002.0;3
292800;;;KELP;SEASHELLS;2004.0;2
292800;;;RAINFOREST_RESIN;SEASHELLS;10002.0;1
292800;;;SQUID_INK;SEASHELLS;1967.0;2
293000;;;KELP;SEASHELLS;2004.0;1
293000;;;SQUID_INK;SEASHELLS;1967.0;1
293100;;;KELP;SEASHELLS;2004.0;1
293100;;;SQUID_INK;SEASHELLS;1968.0;1
293400;;;KELP;SEASHELLS;2004.0;1
293400;;;SQUID_INK;SEASHELLS;1967.0;1
293500;;;KELP;SEASHELLS;2006.0;2
293500;;;KELP;SEASHELLS;2006.0;5
293500;;;SQUID_INK;SEASHELLS;1969.0;2
293500;;;SQUID_INK;SEASHELLS;1969.0;5
293700;;;RAINFOREST_RESIN;SEASHELLS;10002.0;1
293800;;;KELP;SEASHELLS;2006.0;3
294200;;;KELP;SEASHELLS;2006.0;5
294600;;;KELP;SEASHELLS;2007.0;9
294600;;;SQUID_INK;SEASHELLS;1969.0;9
294700;;;KELP;SEASHELLS;2006.0;12
294700;;;SQUID_INK;SEASHELLS;1968.0;12
294900;;;KELP;SEASHELLS;2006.0;1
294900;;;RAINFOREST_RESIN;SEASHELLS;9995.0;1
294900;;;SQUID_INK;SEASHELLS;1968.0;1
295300;;;KELP;SEASHELLS;2007.0;1
295300;;;SQUID_INK;SEASHELLS;1969.0;1
295600;;;KELP;SEASHELLS;2008.0;4
295700;;;KELP;SEASHELLS;2011.0;2
295700;;;RAINFOREST_RESIN;SEASHELLS;10004.0;1
295700;;;SQUID_INK;SEASHELLS;1972.0;2
295800;;;KELP;SEASHELLS;2007.0;1
295800;;;RAINFOREST_RESIN;SEASHELLS;10002.0;1
295800;;;SQUID_INK;SEASHELLS;1969.0;1
296200;;;RAINFOREST_RESIN;SEASHELLS;10002.0;1
296300;;;SQUID_INK;SEASHELLS;1972.0;1
296400;;;RAINFOREST_RESIN;SEASHELLS;9998.0;5
296500;;;KELP;SEASHELLS;2007.0;10
296500;;;SQUID_INK;SEASHELLS;1970.0;10
297100;;;KELP;SEASHELLS;2009.0;1
297100;;;SQUID_INK;SEASHELLS;1971.0;1
297300;;;RAINFOREST_RESIN;SEASHELLS;10004.0;2
297400;;;KELP;SEASHELLS;2007.0;1
297400;;;KELP;SEASHELLS;2010.0;2
297400;;;RAINFOREST_RESIN;SEASHELLS;9998.0;2
297400;;;SQUID_INK;SEASHELLS;1970.0;1
297400;;;SQUID_INK;SEASHELLS;1973.0;2
297500;;;KELP;SEASHELLS;2007.0;11
297500;;;SQUID_INK;SEASHELLS;1969.0;11
297700;;;RAINFOREST_RESIN;SEASHELLS;10002.0;1
297800;;;RAINFOREST_RESIN;SEASHELLS;10002.0;3
298100;;;KELP;SEASHELLS;2006.0;2
298100;;;RAINFOREST_RESIN;SEASHELLS;9998.0;2
298100;;;SQUID_INK;SEASHELLS;1970.0;1
298600;;;KELP;SEASHELLS;2006.0;1
298600;;;SQUID_INK;SEASHELLS;1970.0;1
298800;;;KELP;SEASHELLS;2008.0;1
298800;;;SQUID_INK;SEASHELLS;1972.0;1
298900;;;KELP;SEASHELLS;2006.0;1
298900;;;KELP;SEASHELLS;2006.0;1
298900;;;SQUID_INK;SEASHELLS;1971.0;1
298900;;;SQUID_INK;SEASHELLS;1971.0;1
299400;;;KELP;SEASHELLS;2005.0;11
299400;;;SQUID_INK;SEASHELLS;1969.0;11
299500;;;RAINFOREST_RESIN;SEASHELLS;9995.0;5
299600;;;KELP;SEASHELLS;2007.0;1
299600;;;SQUID_INK;SEASHELLS;1970.0;1
299700;;;KELP;SEASHELLS;2007.0;1
299700;;;KELP;SEASHELLS;2006.0;2
299700;;;SQUID_INK;SEASHELLS;1970.0;1
300500;;;KELP;SEASHELLS;2007.0;3
300500;;;SQUID_INK;SEASHELLS;1967.0;3
300800;;;KELP;SEASHELLS;2009.0;1
300800;;;RAINFOREST_RESIN;SEASHELLS;10005.0;1
300800;;;SQUID_INK;SEASHELLS;1970.0;1
301400;;;KELP;SEASHELLS;2008.0;2
301400;;;RAINFOREST_RESIN;SEASHELLS;10005.0;2
301400;;;SQUID_INK;SEASHELLS;1968.0;2
301500;;;RAINFOREST_RESIN;SEASHELLS;10002.0;1
301700;;;KELP;SEASHELLS;2006.0;1
301700;;;SQUID_INK;SEASHELLS;1967.0;1
301800;;;KELP;SEASHELLS;2006.0;11
301800;;;KELP;SEASHELLS;2007.0;3
301800;;;SQUID_INK;SEASHELLS;1966.0;11
301800;;;SQUID_INK;SEASHELLS;1967.0;3
302100;;;KELP;SEASHELLS;2009.0;1
302100;;;RAINFOREST_RESIN;SEASHELLS;10004.0;1
302100;;;SQUID_INK;SEASHELLS;1969.0;1
302100;;;SQUID_INK;SEASHELLS;1968.0;1
302400;;;RAINFOREST_RESIN;SEASHELLS;9998.0;1
302400;;;RAINFOREST_RESIN;SEASHELLS;9998.0;4
302500;;;KELP;SEASHELLS;2006.0;5
302500;;;RAINFOREST_RESIN;SEASHELLS;9998.0;1
302500;;;SQUID_INK;SEASHELLS;1968.0;5
302600;;;KELP;SEASHELLS;2006.0;7
302600;;;SQUID_INK;SEASHELLS;1966.0;7
302900;;;KELP;SEASHELLS;2006.0;1
302900;;;SQUID_INK;SEASHELLS;1965.0;1
303100;;;KELP;SEASHELLS;2006.0;1
303100;;;KELP;SEASHELLS;2008.0;2
303100;;;RAINFOREST_RESIN;SEASHELLS;10005.0;2
303100;;;SQUID_INK;SEASHELLS;1963.0;1
303100;;;SQUID_INK;SEASHELLS;1965.0;2
303600;;;KELP;SEASHELLS;2006.0;1
303600;;;RAINFOREST_RESIN;SEASHELLS;9998.0;5
303600;;;SQUID_INK;SEASHELLS;1964.0;1
303700;;;KELP;SEASHELLS;2007.0;4
303700;;;RAINFOREST_RESIN;SEASHELLS;10002.0;1
303700;;;SQUID_INK;SEASHELLS;1964.0;4
303900;;;KELP;SEASHELLS;2007.0;2
303900;;;KELP;SEASHELLS;2007.0;5
303900;;;SQUID_INK;SEASHELLS;1961.0;2
303900;;;SQUID_INK;SEASHELLS;1961.0;5
304200;;;KELP;SEASHELLS;2007.0;4
304200;;;KELP;SEASHELLS;2007.0;8
304200;;;SQUID_INK;SEASHELLS;1961.0;4
304200;;;SQUID_INK;SEASHELLS;1961.0;8
304800;;;KELP;SEASHELLS;2007.0;5
304800;;;KELP;SEASHELLS;2007.0;1
304800;;;SQUID_INK;SEASHELLS;1960.0;5
304800;;;SQUID_INK;SEASHELLS;1960.0;8
305100;;;RAINFOREST_RESIN;SEASHELLS;9998.0;1
305700;;;SQUID_INK;SEASHELLS;1966.0;5
305900;;;RAINFOREST_RESIN;SEASHELLS;10002.0;3
306000;;;KELP;SEASHELLS;2006.0;1
306000;;;SQUID_INK;SEASHELLS;1966.0;1
306200;;;KELP;SEASHELLS;2006.0;12
306200;;;SQUID_INK;SEASHELLS;1966.0;12
306300;;;RAINFOREST_RESIN;SEASHELLS;9998.0;1
306700;;;RAINFOREST_RESIN;SEASHELLS;9998.0;2
307100;;;KELP;SEASHELLS;2008.0;3
307100;;;SQUID_INK;SEASHELLS;1968.0;3
307400;;;RAINFOREST_RESIN;SEASHELLS;9998.0;1
307500;;;KELP;SEASHELLS;2007.0;1
307500;;;SQUID_INK;SEASHELLS;1971.0;1
307900;;;KELP;SEASHELLS;2010.0;1
307900;;;RAINFOREST_RESIN;SEASHELLS;10004.0;1
307900;;;SQUID_INK;SEASHELLS;1970.0;1
308000;;;RAINFOREST_RESIN;SEASHELLS;10002.0;1
308200;;;KELP;SEASHELLS;2007.0;1
308200;;;RAINFOREST_RESIN;SEASHELLS;9996.0;1
308200;;;SQUID_INK;SEASHELLS;1970.0;1
308300;;;KELP;SEASHELLS;2006.0;1
308300;;;RAINFOREST_RESIN;SEASHELLS;10002.0;1
308300;;;SQUID_INK;SEASHELLS;1970.0;1
308400;;;KELP;SEASHELLS;2007.0;2
308400;;;SQUID_INK;SEASHELLS;1970.0;2
308500;;;KELP;SEASHELLS;2007.0;1
308500;;;SQUID_INK;SEASHELLS;1967.0;1
308600;;;KELP;SEASHELLS;2006.0;1
308600;;;SQUID_INK;SEASHELLS;1967.0;1
309600;;;KELP;SEASHELLS;2006.0;2
309600;;;RAINFOREST_RESIN;SEASHELLS;9998.0;2
309600;;;SQUID_INK;SEASHELLS;1965.0;2
309800;;;RAINFOREST_RESIN;SEASHELLS;9998.0;1
310300;;;KELP;SEASHELLS;2007.0;2
310300;;;SQUID_INK;SEASHELLS;1965.0;2
310500;;;KELP;SEASHELLS;2009.0;5
310500;;;SQUID_INK;SEASHELLS;1966.0;5
310600;;;RAINFOREST_RESIN;SEASHELLS;10002.0;1
310800;;;KELP;SEASHELLS;2008.0;1
310800;;;SQUID_INK;SEASHELLS;1966.0;1
310900;;;RAINFOREST_RESIN;SEASHELLS;10004.0;2
311100;;;KELP;SEASHELLS;2006.0;1
311100;;;SQUID_INK;SEASHELLS;1963.0;1
311500;;;KELP;SEASHELLS;2006.0;11
311500;;;SQUID_INK;SEASHELLS;1963.0;11
311600;;;KELP;SEASHELLS;2007.0;2
311700;;;KELP;SEASHELLS;2006.0;2
311700;;;RAINFOREST_RESIN;SEASHELLS;9996.0;2
311700;;;SQUID_INK;SEASHELLS;1963.0;2
312200;;;SQUID_INK;SEASHELLS;1963.0;2
312300;;;KELP;SEASHELLS;2006.0;2
312300;;;RAINFOREST_RESIN;SEASHELLS;9996.0;2
312300;;;SQUID_INK;SEASHELLS;1964.0;2
312600;;;RAINFOREST_RESIN;SEASHELLS;10004.0;2
312600;;;RAINFOREST_RESIN;SEASHELLS;10004.0;8
313100;;;KELP;SEASHELLS;2006.0;1
313100;;;RAINFOREST_RESIN;SEASHELLS;9996.0;2
313100;;;RAINFOREST_RESIN;SEASHELLS;9996.0;1
313100;;;SQUID_INK;SEASHELLS;1966.0;1
313200;;;KELP;SEASHELLS;2006.0;1
313200;;;SQUID_INK;SEASHELLS;1966.0;1
313600;;;RAINFOREST_RESIN;SEASHELLS;10005.0;5
313700;;;RAINFOREST_RESIN;SEASHELLS;9998.0;2
313700;;;RAINFOREST_RESIN;SEASHELLS;9998.0;2
314000;;;RAINFOREST_RESIN;SEASHELLS;10002.0;1
314100;;;RAINFOREST_RESIN;SEASHELLS;10002.0;1
314200;;;KELP;SEASHELLS;2010.0;11
314200;;;SQUID_INK;SEASHELLS;1971.0;11
314200;;;SQUID_INK;SEASHELLS;1970.0;2
314700;;;KELP;SEASHELLS;2006.0;2
314700;;;RAINFOREST_RESIN;SEASHELLS;10002.0;1
314700;;;SQUID_INK;SEASHELLS;1970.0;2
315300;;;RAINFOREST_RESIN;SEASHELLS;10002.0;5
315500;;;KELP;SEASHELLS;2008.0;2
315500;;;RAINFOREST_RESIN;SEASHELLS;9998.0;2
315500;;;SQUID_INK;SEASHELLS;1973.0;2
315800;;;KELP;SEASHELLS;2009.0;1
315800;;;RAINFOREST_RESIN;SEASHELLS;10002.0;1
315800;;;SQUID_INK;SEASHELLS;1976.0;1
316200;;;KELP;SEASHELLS;2009.0;2
316200;;;RAINFOREST_RESIN;SEASHELLS;10004.0;2
316200;;;SQUID_INK;SEASHELLS;1975.0;2
316600;;;KELP;SEASHELLS;2009.0;1
316600;;;RAINFOREST_RESIN;SEASHELLS;10005.0;1
316600;;;SQUID_INK;SEASHELLS;1973.0;1
316800;;;KELP;SEASHELLS;2006.0;1
316800;;;SQUID_INK;SEASHELLS;1969.0;1
316900;;;KELP;SEASHELLS;2008.0;1
316900;;;SQUID_INK;SEASHELLS;1971.0;1
317400;;;KELP;SEASHELLS;2006.0;1
317400;;;SQUID_INK;SEASHELLS;1967.0;1
317700;;;RAINFOREST_RESIN;SEASHELLS;10002.0;1
317800;;;RAINFOREST_RESIN;SEASHELLS;9998.0;3
317900;;;KELP;SEASHELLS;2008.0;1
317900;;;SQUID_INK;SEASHELLS;1968.0;1
318000;;;RAINFOREST_RESIN;SEASHELLS;9998.0;1
318600;;;RAINFOREST_RESIN;SEASHELLS;10002.0;2
318700;;;KELP;SEASHELLS;2008.0;1
318700;;;SQUID_INK;SEASHELLS;1970.0;1
318800;;;KELP;SEASHELLS;2006.0;3
318800;;;SQUID_INK;SEASHELLS;1968.0;3
319000;;;RAINFOREST_RESIN;SEASHELLS;9998.0;1
319500;;;KELP;SEASHELLS;2006.0;1
319500;;;SQUID_INK;SEASHELLS;1968.0;1
319600;;;KELP;SEASHELLS;2007.0;5
319600;;;SQUID_INK;SEASHELLS;1968.0;5
319800;;;RAINFOREST_RESIN;SEASHELLS;10002.0;1
320100;;;RAINFOREST_RESIN;SEASHELLS;9998.0;1
320300;;;KELP;SEASHELLS;2009.0;1
320300;;;RAINFOREST_RESIN;SEASHELLS;10004.0;1
320300;;;SQUID_INK;SEASHELLS;1970.0;1
320500;;;KELP;SEASHELLS;2006.0;1
320500;;;SQUID_INK;SEASHELLS;1967.0;1
320900;;;RAINFOREST_RESIN;SEASHELLS;10005.0;3
